2572 4088
149 117 193 178 ⁴16
394 131 492 186 CATO
509 132 630 187 MAIOR
648 132 697 186 DE
714 132 937 189 suanorum

151 305 257 387 populi
279 305 411 369 Romani
435 300 658 389 permanserat,
682 327 715 371 se
742 327 761 370 a
791 307 958 372 maioribus
988 300 1065 372 natu
1094 327 1170 373 aeee

151 407 235 490 pisse
257 406 392 487 dieebat,
416 427 487 473 oum
510 407 637 490 quidem
659 409 688 473 ei
711 409 847 474 sermoni
873 408 1069 476 interfuisset
1091 410 1171 475 Plato

151 509 362 592 Atheniensis,
378 529 471 592 quem
485 512 656 576 Tarentum
680 512 804 577 venisse
819 512 854 577 L.
869 512 1001 578 Camillo
1017 514 1078 598 Ap.
1092 513 1172 580 Clan-

100 631 132 679 42
150 611 203 678 dio
225 613 405 679 oonsulibus
425 615 556 697 reperio.
599 613 737 690 Quorsus
760 614 842 679 hoo?
880 615 924 681 Ut
945 616 1172 700 intellegeretis,

151 716 178 781 si
200 717 390 800 voluptatem
417 717 578 802 aspernari
604 717 723 782 ratione
750 725 781 782 et
807 718 963 801 sapientia
989 738 1053 784 non
1075 737 1173 804 posse
1189 733 1200 742 “

151 838 230 900 mus,
256 839 402 904 magnam
432 840 502 886 esse
531 819 710 885 habendam
741 821 894 886 senectuti
923 822 1071 905 gratiam,
1098 839 1174 903 quae

151 921 298 1001 efficeret,
321 929 355 986 ut
376 922 410 986 id
433 942 495 987 non
518 923 638 1003 liberet,
662 923 745 1004 quod
767 944 830 988 non
853 930 1018 1009 oporteret.
1041 923 1174 1008 Impedit

152 1026 234 1090 enim
261 1025 423 1090 eonsilium
446 1027 598 1111 voluptas,
621 1027 734 1090 rationi
760 1027 888 1090 inimioa
914 1033 972 1107 est,
995 1027 1121 1108 mentis,
1143 1032 1174 1090 ui

150 1129 196 1192 ita
217 1127 329 1208 diuam,
353 1128 553 1212 praestringit
575 1130 680 1193 oeulos
703 1149 761 1195 neo
783 1129 880 1194 habet
902 1129 999 1195 ullum
1026 1144 1099 1194 uum
1120 1129 1173 1194 vir·

150 1237 217 1295 tute
239 1230 467 1295 commercium.
497 1231 620 1295 Invitus
641 1230 712 1312 feei,
735 1238 769 1296 ut
791 1230 952 1296 fortissimi
974 1231 1033 1296 viri
1055 1232 1094 1297 Τ.
1110 1231 1173 1296 Fla·

150 1333 261 1397 minini
283 1332 420 1413 fratrem,
436 1333 471 1397 L.
488 1333 742 1416 Flamininume
765 1341 876 1399 senatu
900 1334 1032 1400 eioerem
1057 1339 1173 1420 septem

150 1436 242 1500 annis
271 1442 351 1519 post,
374 1455 468 1517 quam
499 1437 606 1502 consol
635 1435 756 1517 fuisset,
780 1436 836 1502 sed
866 1435 1038 1501 notandam
1069 1436 1174 1523 putaui

97 1566 122 1588 ·.
150 1537 321 1603 libidinem.
352 1539 409 1604 Ille
431 1539 523 1619 euim,
547 1557 618 1604 oum
641 1547 724 1604 esset
747 1540 855 1606 consul
877 1540 910 1603 in
934 1532 1046 1620 Gallia,
1070 1558 1174 1604 exora·

150 1650 201 1707 tus
229 1642 262 1706 in
292 1641 435 1706 eonvivio
465 1663 485 1704 a
515 1649 616 1706 soorto
644 1649 700 1722 est,
724 1650 759 1707 ut
785 1643 884 1707 seeuri
911 1642 1018 1707 feriret
1040 1642 1173 1724 aliquem

151 1765 265 1824 eorum,
289 1745 342 1825 qui
364 1745 404 1808 in·
420 1744 553 1830 vinculis
575 1751 681 1809 esseut
703 1744 842 1810 damnati
865 1745 911 1809 rei
934 1744 1085 1829 capitalis.
1118 1745 1174 1810 Hie

149 1849 220 1913 Tito
249 1846 345 1911 fratre
376 1867 431 1912 suo
461 1867 599 1928 censore,
623 1849 676 1929 qui
702 1849 864 1931 proximus
886 1855 960 1913 ante
986 1868 1037 1913 me
1063 1839 1173 1927 iuerat,

150 1953 275 2037 elapsus
297 1956 360 2034 est,
384 1950 460 2013 mihi
483 1971 557 2015 vero
581 1958 613 2016 et
634 1951 748 2016 Flaoeo
772 1952 954 2033 neutiquam
976 1951 1104 2036 probari
1126 1940 1174 2035 po-

149 2055 209 2119 tuit
233 2061 297 2118 tam
319 2052 476 2136 flagitiosa
498 2060 529 2117 et
551 2061 614 2117 tam
636 2053 760 2136 perdita
781 2053 887 2133 libido,
911 2073 992 2136 quae
1015 2073 1087 2119 oum
1110 2073 1174 2138 pro

18 2228 20 2232 ,
97 2137 133 2258 ἐξ
149 2157 205 2222 bro
227 2156 348 2240 privato
370 2157 575 2238 coniungeret
600 2156 721 2239 imperii
748 2154 892 2220 dedeous.
939 2156 1043 2240 Saepe
1069 2156 1174 2221 audiui

149 2280 167 2324 e
189 2259 356 2324 maioribus
379 2265 465 2340 natu,
481 2260 535 2340 qui
557 2278 591 2323 se
614 2278 703 2341 porro
722 2278 834 2341 pueros
856 2279 876 2322 a
899 2259 1028 2324 senibus
1049 2258 1174 2325 audisso

148 2362 304 2441 dicebant,
332 2361 438 2425 mirari
464 2361 587 2425 solitum
610 2362 644 2426 Ο.
665 2361 853 2441 Fabrioium,
878 2361 970 2442 quod,
994 2378 1064 2425 oum
1090 2361 1174 2445 apud

148 2485 256 2549 regem
278 2463 432 2547 Pyrrhum
456 2465 577 2548 legatus
600 2471 691 2544 esset,
707 2463 845 2528 audisset
868 2484 888 2527 a
909 2463 1061 2529 Thessalo
1078 2464 1175 2530 Oinoa

149 2587 218 2633 esse
247 2567 404 2649 quendam
436 2566 581 2647 Athenis,
612 2567 666 2648 qui
699 2586 733 2631 se
765 2567 940 2651 sapientem
969 2566 1173 2650 profiteretur,

148 2690 281 2752 eumque
311 2670 415 2734 dieere
444 2669 558 2749 omnia,
590 2690 670 2751 quae
700 2669 884 2750 faceremus,
912 2669 953 2733 ad
982 2669 1174 2753 voluptatem

148 2794 217 2839 esse
242 2772 415 2837 referenda.
463 2771 553 2849 Quod
584 2793 624 2837 ex
654 2793 691 2837 eo
725 2772 890 2837 audientes
911 2773 963 2836 Μ’.
984 2771 1114 2838 Curium
1144 2780 1175 2836 et

146 2876 194 2940 Ti.
219 2876 447 2941 Coruncanium
477 2883 585 2958 optare
619 2875 735 2954 solitos,
759 2883 793 2939 ut
826 2873 859 2939 id
881 2874 1077 2940 Samnitibus
1103 2874 1175 2959 ipsi·

147 2998 207 3060 que
240 2977 361 3060 Pyrrho
391 2977 642 3060 persuaderetur,
672 2998 734 3059 quo
764 2977 887 3043 faeilius
917 2977 1000 3041 vinei
1035 2985 1173 3062 possent,

147 3101 216 3144 oum
243 3100 278 3146 se
300 3081 511 3165 voluptatibus
537 3080 708 3145 dedissent.
746 3081 878 3146 Vixerat
899 3081 950 3144 M'.
968 3080 1080 3146 Curius
1103 3101 1174 3147 oum

146 3187 179 3248 P.
196 3184 304 3266 Deoio,
321 3183 374 3267 qui
397 3183 610 3266 quinquennio
632 3189 706 3247 ante
729 3203 800 3247 eum
823 3184 982 3248 oonsulem
1004 3203 1040 3248 se
1061 3202 1118 3267 pro
1140 3202 1174 3248 re

145 3288 271 3372 publiea
297 3291 407 3369 quarto
438 3286 598 3350 eonsulatu
629 3285 816 3369 devoverat,
846 3292 937 3351 uorat
959 3284 1094 3351 eundem
1116 3286 1174 3349 Fa·

145 3390 270 3469 bricius,
294 3396 384 3453 norat
406 3387 636 3472 Coruncanius3
667 3389 721 3469 qui
751 3408 821 3452 eum
851 3408 892 3452 ex
922 3407 980 3453 sua
1009 3388 1084 3468 vita,
1108 3394 1174 3451 tum

146 3513 187 3558 ex
210 3491 286 3571 eius,
310 3510 402 3572 quem
426 3489 506 3571 dieo,
528 3490 607 3555 Deei
629 3488 713 3555 faoto
735 3487 919 3555 iudicabant
941 3509 1010 3555 esse
1032 3487 1174 3573 proieoto

145 3592 263 3676 aliquid
292 3598 405 3656 natura
434 3591 596 3675 pulohrum
629 3599 724 3674 atque
757 3591 965 3675 praeclarum,
999 3591 1082 3674 quod
1116 3612 1175 3657 sua

20 3686 54 3792 Ι
144 3703 256 3781 sponte
277 3699 445 3778 peteretur,
462 3692 607 3775 quodque
630 3703 734 3777 spreta
757 3701 788 3758 et
811 3700 991 3777 contempta
1012 3694 1173 3777 voluptate
