2572 4088
447 153 528 208 cun.
543 157 584 222 ne,
598 157 638 209 17.
657 157 794 218 suc-cr.
1096 141 1139 207 23

106 334 138 391 et
159 326 288 391 humum
311 327 475 392 subactam
497 334 593 408 atque
614 346 725 411 puram
749 335 779 392 et
795 329 982 393 suavitatem
999 329 1138 410 odorum,

107 429 160 510 qui
189 427 382 494 adderentur
411 448 429 494 e
458 428 596 510 floribus,
619 435 686 494 tum
717 449 788 495 eum
818 429 938 496 dixisse
969 431 1075 497 mirari
1105 452 1140 498 se

106 550 168 596 non
191 530 285 597 unedo
307 530 516 615 diligentiam,
539 531 596 596 sed
623 533 718 597 etiam
741 533 910 598 sollertiam
934 534 1011 615 eins,
1034 555 1055 598 a
1077 555 1139 617 quo

108 641 213 699 essent
242 634 297 699 illa
325 633 470 700 dimensa
499 640 595 718 atque
624 635 788 721 discripta3
819 644 851 702 et
873 636 991 720 (lyrum
1014 657 1138 722 respon·
1264 631 1265 635 ’

107 736 207 802 disse:
242 729 367 820 ‘Atqui
390 758 458 821 ego
481 737 556 804 ista
582 758 659 803 sum
682 740 805 804 omnia
827 739 1036 824 dimensum
1067 741 1138 805 mei

108 846 193 904 sunt
222 839 388 921 ordines,
412 861 492 906 mea
518 840 732 926 discriptio,
755 842 894 907 multae
921 842 1032 908 etiam
1055 843 1139 909 ista-

107 962 183 1007 rum
206 944 380 1009 arborum
403 964 483 1009 mea
504 963 616 1010 manu
638 952 725 1010 sunt
746 939 873 1011 satae?
916 946 996 1009 Turn
1020 946 1138 1028 Lysan-
1155 993 1170 1004 ..

107 1045 197 1111 drurn
223 1046 397 1112 intuentem
424 1067 594 1132 purpuram
622 1047 690 1112 eins
717 1054 748 1113 et
773 1048 906 1113 nitorem
935 1048 1072 1132 corperis
1094 1068 1139 1114 cr-

108 1157 278 1232 natumque
293 1150 453 1217 Persicum
468 1151 566 1215 multu
581 1171 657 1216 auro
672 1151 839 1234 multisque
853 1151 988 1236 gemmis
1004 1150 1137 1216 dixisse:

106 1244 200 1317 ‘Rite
223 1272 310 1319 vern
333 1259 382 1335 te,
407 1253 517 1336 Oyre,
540 1253 688 1318 beatum
712 1253 852 1334 ferunt,
873 1254 1048 1336 quoniam
1072 1254 1138 1318 vir-

107 1355 177 1419 tuti
199 1362 285 1421 tuae
308 1356 460 1421 fortuna
483 1356 684 1422 coniuncta
706 1353 784 1421 est.³

111 1519 114 1523 ,
190 1461 260 1524 Hac
285 1459 381 1544 igitur
402 1459 528 1525 suntuna
550 1460 610 1524 frui
634 1459 707 1524 lieet
729 1460 868 1540 senibus,
891 1479 951 1525 nee
973 1467 1062 1525 aetas
1084 1458 1138 1523 irn-
1156 1468 1190 1517 cu

106 1562 201 1645 pedit,
225 1582 287 1644 quc
312 1563 417 1628 minus
443 1568 476 1627 et
502 1569 676 1628 ceterarum
702 1582 805 1628 rerum
829 1567 861 1627 et
883 1563 916 1626 in
939 1562 1048 1646 primis
1069 1560 1138 1645 agri

106 1665 228 1730 colendi
250 1665 355 1730 studia
377 1671 540 1732 teneamus
562 1664 719 1748 usquead
734 1665 876 1729 ultimum
892 1671 1016 1749 tempus
1033 1683 1137 1729 senec

106 1768 188 1833 tutis.
217 1768 258 1834 M.
276 1768 403 1851 quidem
425 1769 584 1835 Valerium
608 1768 778 1835 Corvinum
801 1768 981 1852 accepimus
1003 1767 1044 1832 ad
1068 1787 1138 1833 cen·

105 1871 250 1936 tesimum
277 1891 396 1936 annum
422 1871 618 1955 perduxisse,
642 1891 714 1935 eum
741 1877 825 1936 esset
851 1876 923 1935 aeta
949 1870 1011 1935 iam
1034 1876 1138 1936 aetate

105 1973 137 2038 in
158 1975 245 2058 agris
267 1994 383 2057 eosque
406 1975 537 2057 celeret3
568 1974 657 2039 euius
686 1974 768 2040 inter
795 1974 929 2058 primum
959 1980 990 2037 et
1012 1978 1136 2039 sextum

105 2077 299 2142 consulatum
326 2096 384 2143 sex
412 2085 444 2142 et
470 2076 679 2161 quadraginta
708 2076 783 2141 anni
811 2076 1028 2141 interfuerunt.
1079 2077 1137 2156 Ita,

105 2186 257 2261 qnantum
279 2179 415 2264 spatium
437 2180 552 2245 aetatis
578 2180 711 2245 maiores
741 2179 782 2243 ad
813 2179 983 2244 senectutis
1015 2178 1137 2244 initium

105 2301 176 2348 esse
197 2283 372 2364 volucrunt,
395 2288 502 2348 tantus
531 2283 576 2347 illi
606 2302 714 2348 cursus
742 2281 894 2348 hunorum
925 2281 992 2346 fnit.
1035 2283 1137 2364 Atque

104 2384 197 2451 buius
219 2392 361 2450 exuema
382 2392 471 2451 aetas
485 2384 545 2451 hcc
560 2385 680 2450 beatior
695 2405 789 2467 quarn
805 2384 919 2465 media,
935 2383 1019 2467 quud
1034 2391 1137 2449 aueto-

104 2488 204 2553 ritatis
227 2487 366 2554 habebat
387 2488 468 2573 plus,
491 2487 607 2554 laboris
635 2489 754 2570 minus;
785 2507 869 2571 apex
893 2494 940 2552 est
962 2493 1066 2552 autem
1091 2506 1136 2552 se·

104 2592 240 2657 nectutis
267 2591 445 2657 auctoritas.
492 2589 618 2666 Quanta
644 2590 702 2656 fuit
730 2592 762 2655 in
784 2591 819 2655 L.
843 2590 978 2655 Caecilio
1001 2590 1186 2670 Metellum

105 2700 223 2777 quanta
253 2695 286 2759 in
316 2695 355 2757 A.
377 2694 471 2758 Atilio
495 2694 654 2760 Calatino!
688 2694 722 2757 in
753 2713 845 2775 quem
877 2692 953 2757 illud
983 2693 1135 2777 elogium:

104 2791 221 2862 ‘Hune
249 2818 358 2862 unum
381 2797 564 2882 plurimae
586 2798 830 2863 consentiunt
852 2803 985 2880 gentes
1008 2795 1136 2881 pupuli

104 2900 321 2984 primarium
344 2900 463 2964 fuisse
486 2895 627 2964 virum?
660 2901 777 2965 Notum
798 2905 845 2964 est
861 2919 989 2963 carmen
1003 2898 1136 2963 incisum

104 3003 137 3067 in
165 3004 317 3086 sepulcro.
362 3004 434 3068 Inre
460 3003 555 3087 igitur
581 3003 697 3087 gravis,
726 3003 814 3067 cuins
841 3001 881 3065 de
908 3001 1054 3066 laudibus
1076 3021 1137 3065 cm·

105 3106 192 3171 nium
209 3113 291 3172 esset
306 3107 392 3171 fama
408 3106 616 3172 consentiens.
639 3104 754 3182 'Quem
770 3105 871 3169 virum
887 3125 987 3188 nuper
1002 3106 1035 3168 P.
1050 3105 1137 3170 Cres·

105 3228 185 3289 sum,
215 3208 395 3292 pontificem
430 3208 614 3289 maximum,
645 3228 737 3291 quern
767 3214 879 3291 postea
907 3208 947 3272 M.
971 3206 1136 3290 Lepidum,

105 3311 217 3378 ecdem
248 3310 422 3377 sacerdotio
450 3310 637 3395 praeditum,
661 3311 811 3375 vidimus!
859 3308 943 3386 Quid
972 3309 1012 3374 de
1039 3309 1136 3373 Paulo

104 3423 159 3480 ant
182 3414 330 3479 Africano
352 3415 462 3497 loquar
482 3419 547 3493 aut,
568 3420 602 3478 ut
624 3414 686 3478 iam
710 3419 794 3493 ante,
815 3412 855 3477 dc
878 3411 1041 3477 Maximo?
1065 3431 1136 3492 quu-

105 3538 173 3583 rum
197 3538 259 3582 n0n
282 3518 315 3581 in
337 3518 495 3583 sententia
517 3518 626 3598 solum,
650 3514 706 3581 sed
736 3516 829 3580 etiam
858 3517 890 3578 in
920 3522 995 3578 nutu
1023 3513 1136 3577 reside-

104 3622 161 3686 bat
174 3620 351 3684 anctcritas.
375 3621 480 3685 Habet
495 3626 640 3684 senectus
655 3618 807 3682 honorata
818 3617 1001 3700 praesertim
1017 3622 1137 3679 tautam

104 3723 331 3803 auctoritatem,
351 3729 385 3786 ut
401 3743 440 3787 ea
459 3721 556 3805 pluris
583 3721 623 3785 sit
646 3740 738 3802 quarn
766 3738 876 3786 omnes
903 3718 1136 3784 adulescentiae
1207 3696 1234 3840 Α
