2572 4088
404 174 488 228 cnr.
500 176 598 231 cana
615 175 753 238 §rs-sl.
1052 158 1089 223 31

64 372 201 430 necessa
223 357 311 415 tanta
338 369 408 414 esse
433 356 572 413 conatos
594 367 679 428 quae
702 345 745 410 ad
767 349 959 431 posteritatis
980 368 1094 414 memo

64 455 140 519 riam
169 455 373 538 pertinerent,
403 452 466 516 nisi
493 452 600 515 animo
629 459 795 515 cernerent
815 451 1029 534 posteritatem
1051 451 1093 516 ad

64 577 97 623 se
124 559 292 641 pertinere.
337 559 389 619 An
418 575 539 634 censes,
565 562 602 618 ut
629 553 671 618 dc
692 574 744 618 me
769 554 839 637 ipse
864 554 983 636 aliquid
1008 574 1095 619 moro

64 679 173 724 senum
201 659 326 742 glorier,
348 678 400 723 me
428 665 534 723 tantos
563 658 687 724 labores
709 657 838 722 diurnos
863 664 1094 740 noctumosqne

64 761 146 826 domi
175 762 370 843 militiaeque
399 769 620 844 susceptumm
648 760 761 840 fuisse,
791 761 818 824 si
847 759 948 824 isdem
977 760 1095 826 finibus
1207 798 1211 851 j

63 865 191 948 gloriam
206 883 319 944 meam,
335 863 450 945 quibus
464 865 573 944 vitam,
589 883 692 929 essem
704 863 954 928 terminaturus?
980 863 1094 928 Nonne

64 967 172 1032 melius
199 967 298 1032 multo
326 967 440 1032 fnisset
469 967 601 1032 otiosam
631 974 768 1031 aetatem
797 973 831 1030 ct
860 965 999 1048 quietam
1025 966 1095 1031 sinc

64 1070 123 1134 ullo
152 1071 260 1135 labore
289 1069 481 1135 traducere?
525 1069 590 1136 Sed
618 1071 727 1134 nescio
756 1089 818 1151 qno
847 1068 941 1134 modo
970 1069 1095 1135 animus

64 1173 187 1256 erigens
211 1192 247 1238 se
271 1172 489 1256 posteritatem
518 1174 565 1237 ita
592 1192 717 1256 semper
742 1171 963 1255 prospiciebat,
993 1173 1093 1254 quasi,

64 1295 132 1338 cnm
147 1275 337 1340 excessisset
351 1295 370 1339 e
384 1275 461 1355 vita,
476 1282 543 1339 tum
565 1275 702 1356 denique
725 1275 864 1340 victurus
887 1281 978 1339 esset.
1003 1273 1094 1351 Quod

64 1376 188 1459 quidem
219 1378 252 1442 ni
280 1378 327 1442 ita
355 1397 389 1442 se
419 1377 560 1458 haberet,
583 1385 617 1441 nt
647 1377 744 1441 animi
770 1376 952 1442 inmortales
977 1385 1093 1459 essent,

63 1478 146 1544 haud
164 1480 274 1563 optimi
296 1481 447 1562 cuiusque
469 1481 593 1545 animus
615 1481 753 1545 maxime
775 1479 818 1544 ad
839 1479 1094 1547 inmortalitatem

63 1587 93 1646 et
120 1582 253 1666 gloriam
281 1583 442 1648 niteretur.
489 1581 596 1658 Quid?
626 1581 711 1665 qnod
736 1582 987 1666 sapientissimus
1013 1583 1094 1664 quis·
1112 1602 1145 1650 aa

63 1704 123 1766 qne
147 1685 336 1766 aequissimo
361 1684 467 1750 animo
494 1685 633 1765 moritur,
660 1685 862 1750 stultissimus
886 1684 1093 1768 iniquissimo,

62 1807 166 1852 nonne
191 1788 282 1853 vobis
307 1787 433 1853 videtur
459 1789 486 1851 is
511 1789 646 1867 animus,
669 1787 722 1868 qni
745 1787 816 1871 plus
842 1793 951 1851 cernat
977 1794 1009 1852 ct
1031 1788 1094 1853 lon·

61 1890 142 1974 gius,
164 1890 273 1956 videre
302 1911 337 1956 se
365 1890 408 1955 ad
437 1891 567 1956 meliora
596 1890 762 1975 proticisci,
788 1890 840 1956 ille
867 1897 982 1972 antem,
1006 1891 1094 1958 cuius

62 1993 200 2059 obtusior
224 1994 266 2060 sit
289 1995 385 2075 acies
408 2014 471 2058 non
494 1993 628 2059 videre?
672 1993 826 2076 Equidem
853 1995 965 2059 efferor
990 1995 1093 2061 studio

62 2103 166 2179 patres
188 2103 319 2178 vestros,
342 2117 421 2179 quos
443 2098 523 2163 colui
547 2105 578 2162 et
600 2097 708 2178 dilexi,
724 2096 870 2182 ridendi3
894 2117 997 2179 neque
1020 2117 1094 2164 vero

63 2219 115 2264 eos
145 2200 227 2264 solos
257 2200 425 2265 convenire
454 2220 545 2281 aveo,
568 2221 646 2282 quos
675 2201 744 2284 ipse
775 2202 918 2285 cognovi,
943 2201 999 2267 scd
1025 2201 1094 2268 illos

63 2303 165 2383 etiam,
188 2301 229 2367 de
252 2303 365 2384 quibus
387 2302 495 2368 audivi
518 2308 549 2367 et
572 2303 634 2386 legi
658 2308 689 2367 et
711 2303 779 2386 ipse
802 2303 982 2388 conscripsi.
1025 2302 1094 2380 Quo

62 2404 186 2486 quidem
215 2425 265 2469 me
291 2405 541 2490 proficiscentem
568 2405 653 2470 haud
683 2426 760 2470 sane
786 2405 857 2487 quis
882 2405 974 2471 facile
1000 2412 1093 2472 retra·

61 2507 143 2573 uerit
172 2527 231 2572 nec
260 2513 421 2589 tamquam
443 2508 562 2572 Peliam
593 2509 756 2573 reooxerit.
802 2507 843 2572 Et
867 2507 988 2590 siquis
1015 2507 1094 2575 deus

61 2609 137 2674 mihi
154 2609 314 2693 largiatur,
330 2617 365 2674 ut
380 2630 421 2674 ex
444 2610 504 2675 hac
526 2617 630 2675 aetate
653 2630 872 2695 repuerascam
896 2617 927 2674 et
949 2612 980 2674 in
1005 2612 1093 2678 cunis

60 2712 198 2796 vagiam,
229 2712 321 2777 valde
351 2733 492 2778 recusem
522 2734 582 2778 nec
613 2733 687 2778 vero
717 2713 811 2778 velim
843 2714 933 2795 quasi
963 2712 1093 2779 decurso

61 2815 168 2900 spatio⁴
191 2814 232 2879 ad
263 2835 405 2880 carceres
431 2835 451 2879 a
477 2816 562 2880 calce
588 2816 737 2880 revocari.
784 2813 867 2891 Quid
890 2815 986 2881 habet
1009 2816 1091 2881 eninr
1112 2836 1144 2883 st
1176 2896 1180 2905 Ι

60 2919 127 2983 vita
156 2917 333 2983 commodi?
368 2918 444 3001 quid
473 2939 536 2984 non
568 2919 671 3003 potius
701 2919 841 2984 laboris?
886 2918 950 2985 Sed
978 2919 1094 2986 habeat

60 3041 147 3101 sane,
163 3021 260 3087 habet
275 3029 359 3087 certe
373 3029 480 3086 tamen
496 3029 550 3086 aut
572 3023 749 3088 satietatem
772 3030 828 3086 aut
849 3021 984 3087 modum.
1021 3024 1091 3089 Non

59 3125 137 3189 libet
159 3126 242 3189 enim
264 3125 341 3189 mihi
364 3125 527 3208 deplorare
551 3126 658 3206 vitam,
679 3125 762 3207 quod
784 3125 883 3205 multi,
900 3133 931 3189 et
954 3127 973 3189 ii
999 3126 1091 3206 docti,

60 3247 156 3311 saepe
182 3228 333 3309 fecerunt,
358 3248 461 3310 neque
488 3248 538 3292 me
561 3229 680 3295 vixisse
702 3228 853 3313 paenitet,
878 3229 1024 3311 quoniam
1049 3229 1093 3294 ita

60 3330 137 3417 rixi,
153 3337 187 3395 ut
210 3351 273 3394 non
296 3332 411 3397 frustra
433 3351 483 3396 me
506 3338 614 3395 natum
639 3331 825 3412 existimem,
843 3338 874 3395 ct
896 3349 936 3394 ex
961 3331 1026 3395 vita
1048 3332 1092 3396 ita

59 3433 188 3498 discedo
217 3440 376 3516 tamquam
409 3456 449 3501 ex
480 3435 627 3519 hospitio,
659 3455 721 3500 non
752 3442 911 3516 tamquam
942 3455 958 3499 o
989 3434 1090 3500 domu

59 3535 281 3602 Commorandi
308 3539 391 3602 enim
420 3546 533 3603 natura
560 3539 772 3604 deversorium
797 3538 897 3618 nobis,
920 3558 984 3603 nou
1007 3537 1092 3603 habi·

59 3638 147 3703 tandi
171 3637 267 3703 dedit.
313 3639 557 3722 Opraeclarnm
580 3641 674 3724 diem,
698 3661 768 3704 cnm
794 3640 826 3703 in
850 3638 926 3705 illud
949 3638 1091 3709 divinum

59 3743 233 3804 animorum
268 3742 432 3804 concilium
463 3751 648 3825 coetumque
681 3743 857 3827 proficiscar
887 3762 1026 3825 cumque
1045 3760 1104 3849 ᾗ

92 3895 216 3948 eleeto,
232 3895 293 3941 Cato
308 3899 438 3957 maiorue
452 3902 596 3949 serrectutc.
995 3858 1037 3931 ²3³
1050 3858 1088 3926 ι’·
