2572 4088
143 111 164 178 6
386 126 484 180 caro
502 125 624 180 nmon
642 125 690 178 ua
710 123 931 178 sannorura

143 302 196 383 qui
219 321 290 365 eunr
312 301 436 380 librum,
453 301 506 382 qui
529 298 781 362 Panathenaicus
803 297 991 378 inscribitur,
1008 305 1120 379 quarto
1143 303 1172 362 et

142 412 346 495 nonagesimo
372 431 456 475 anno
483 411 645 493 scripsisse
673 431 707 474 se
735 410 811 473 dicit
835 409 978 490 vixitque
1001 409 1172 490 quinquen·

142 514 229 577 nium
251 521 369 596 postea.
405 513 501 579 Cuius
524 513 674 596 magister
695 512 866 576 Leontinus
889 511 1024 594 Gorgias
1046 517 1170 576 eentum

142 624 174 681 et
189 623 309 700 septem
325 616 493 699 complevit
515 636 615 681 anuos
637 633 740 697 neque
761 635 911 696 umquam
934 614 967 678 in
990 633 1046 679 suo
1070 612 1171 679 studio

141 726 237 802 atque
259 739 353 803 opere
377 718 520 784 cessavit.
566 717 636 798 Qui,
661 738 731 782 eum
754 738 795 782 ex
818 737 855 782 eo
882 722 1095 799 quaereretur,
1119 735 1171 779 cur

142 828 206 886 tam
222 822 275 886 diu
292 822 386 888 vellet
400 842 471 887 esse
486 823 519 885 in
535 822 614 885 vita:
643 815 757 910 ‘Nihil
780 817 921 900 habeo‘,
936 821 1048 901 inquit,
1064 812 1171 900 ‘quod

141 945 312 990 accusem
334 919 588 989 senectutem?
618 924 816 988 Praeclarum
833 943 1018 1007 responsum
1034 930 1065 987 et
1081 921 1170 986 docto

93 1039 123 1085 14
141 1027 268 1092 homine
283 1026 423 1111 dignum.
459 1028 523 1092 Sua
538 1026 622 1091 enirn
638 1027 715 1090 vitia
737 1027 922 1109 insipientes
946 1031 978 1089 et
1000 1044 1090 1089 suam
1113 1025 1171 1087 cul-

141 1150 214 1212 pam
229 1130 263 1195 in
278 1136 473 1195 senectutem
489 1129 661 1194 conferunt.
691 1128 782 1205 Quod
798 1149 861 1193 non
876 1128 1015 1193 iaciebat
1030 1127 1068 1207 is,
1085 1127 1171 1192 ouius

141 1234 233 1297 modo
256 1233 448 1297 mentionem
470 1233 541 1313 feei,
565 1232 699 1297 Ennius:

185 1336 288 1402 Sicut
311 1335 419 1400 fortis
443 1355 572 1417 equus,
594 1336 716 1418 spatio
737 1335 800 1417 qui
820 1355 933 1418 saepe
956 1353 1129 1417 supremo

185 1439 284 1504 Vicit
300 1438 487 1522 Olympia,
504 1458 601 1502 nune
623 1438 727 1502 senio
750 1438 945 1502 confectus
968 1437 1141 1518 quiescit.

140 1543 221 1624 Equi
245 1541 333 1606 fortis
356 1548 387 1605 et
409 1541 537 1606 victoris
564 1541 716 1605 senectuti
744 1547 905 1623 comparat
932 1560 1030 1605 suam.
1070 1538 1170 1615 Quem

142 1644 268 1727 quidem
291 1644 388 1728 probe
410 1643 590 1709 meminisse
618 1644 764 1727 potestis,
792 1663 876 1707 anno
899 1643 982 1707 enim
1005 1642 1170 1706 undevice-

142 1747 220 1811 simo
248 1753 318 1830 post
346 1747 412 1811 eius
444 1753 574 1810 mortem
601 1745 634 1809 hi
667 1746 819 1824 consules,
853 1746 889 1808 Τ.
913 1744 1110 1808 Flamininus
1140 1749 1171 1808 et

141 1844 192 1914 Μ’.
209 1849 336 1929 Acilius,
360 1849 435 1912 faeti
463 1855 545 1928 sunt,
573 1849 625 1912 ille
652 1854 757 1911 autem
785 1847 944 1930 Caepione
972 1854 1003 1910 et
1025 1846 1170 1929 Philippo

140 1952 252 2016 iterum
276 1951 455 2016 consulibus
477 1957 616 2015 mortuus
635 1958 691 2031 est,
712 1970 783 2014 eum
804 1969 862 2033 ego
882 1949 1020 2030 quinque
1036 1957 1068 2013 et
1083 1968 1170 2012 sexa-

141 2055 230 2138 ginta
256 2073 357 2117 annos
384 2060 477 2117 natus
503 2054 606 2136 legem
629 2053 799 2117 Voconiam
827 2072 943 2135 magna
965 2071 1043 2115 voce
1066 2058 1098 2114 et
1121 2048 1170 2114 bo-

141 2157 191 2220 uis
222 2157 372 2220 lateribus
402 2157 496 2221 suasi.
543 2154 606 2220 Sed
636 2175 736 2219 annos
766 2155 967 2238 septuaginta
992 2160 1086 2218 natus
1117 2157 1174 2237 (tot

141 2259 225 2324 enirn
245 2259 326 2323 vixit
345 2258 481 2342 Ennius)
497 2259 541 2322 ita
563 2258 685 2322 ferebat
707 2257 778 2338 duo,
795 2278 876 2340 quae
898 2257 1038 2321 maxima
1061 2269 1169 2339 putan-

140 2369 199 2442 tur,
223 2382 328 2441 onera,
351 2367 570 2444 paupertatem
594 2367 624 2424 et
647 2367 850 2440 senectutem,
871 2366 904 2423 ut
927 2360 972 2424 eis
994 2378 1098 2442 paene
1120 2359 1169 2423 de·

141 2465 248 2530 lectari
271 2463 440 2528 videretur.

91 2582 122 2629 ro
226 2567 365 2648 Etenim,
395 2586 466 2630 cum
499 2567 688 2649 complector
720 2566 840 2645 animo,
871 2571 1016 2646 quattuor
1048 2565 1170 2647 reperio

141 2690 262 2750 causas,
286 2689 340 2734 cur
367 2676 512 2734 senectus
538 2670 653 2734 misera
676 2669 834 2733 videatur:
863 2689 968 2748 unam,
992 2666 1075 2749 quod
1099 2688 1170 2732 avo·

141 2781 190 2838 eet
211 2793 232 2835 a
254 2774 349 2838 rebus
370 2771 527 2856 gerendis,
551 2772 691 2850 alteram,
716 2772 798 2853 quod
827 2791 939 2855 corpus
965 2769 1062 2834 faeiat
1088 2771 1170 2835 infir-

140 2876 231 2955 mius,
261 2875 400 2954 tertiam,
431 2874 514 2956 quod
543 2875 647 2958 privet
676 2874 742 2939 fere
771 2874 917 2938 omnibus
946 2873 1168 2956 voluptatibus,

140 2984 292 3060 quartam,
321 2978 404 3059 quod
431 2977 516 3041 haud
543 2981 649 3062 procul
675 2980 759 3044 absit
784 2999 804 3042 a
831 2986 938 3043 morte.
987 2979 1114 3060 Earum,
1143 2980 1169 3042 si

140 3084 252 3166 placet,
270 3102 434 3146 causarum
457 3089 575 3163 quanta
596 3103 753 3165 quamque
775 3084 816 3148 sit
837 3083 920 3147 iusta
940 3103 1004 3146 una
1026 3103 1169 3165 quaeque

140 3184 314 3250 videamus.

104 3303 123 3357 e
228 3287 375 3351 Arebus
397 3286 544 3371 gerendis
567 3295 712 3352 senectus
733 3287 896 3352 abstrahit.
936 3286 1081 3363 Quibus?
1120 3291 1170 3354 An

140 3391 189 3471 iis,
212 3410 293 3472 quae
315 3391 478 3454 iuventute
499 3396 650 3473 geruntur
673 3397 704 3454 et
726 3390 870 3455 viribus?
897 3391 1052 3456 Nullaene
1075 3392 1172 3475 igitur

140 3513 190 3558 res
213 3499 286 3558 sunt
308 3493 432 3573 seniles,
456 3511 537 3573 quae
559 3492 611 3556 vel
633 3492 766 3558 infirmis
788 3494 968 3576 corporibus
994 3495 1100 3558 animo
1126 3501 1171 3558 ta-

35 3634 39 3645 ·
140 3616 212 3660 men
246 3595 530 3660 administrentur?
574 3594 662 3659 Nihil
691 3615 766 3678 ergo
794 3597 911 3679 agebat
940 3595 1169 3678 attraximus,

20 3644 72 3824 ⁸
140 3698 218 3762 nihil
240 3699 275 3762 L.
293 3699 418 3779 Paulus,
441 3705 531 3782 pater
558 3702 639 3780 tuus,
663 3718 751 3764 socer
778 3699 887 3783 optimi
910 3699 980 3779 viri,
1003 3697 1059 3762 filii
1082 3700 1170 3765 mei?
