2572 4088
149 107 170 171 8
391 125 489 181 CATO
505 126 627 180 MAIOR
645 127 693 180 DE
711 125 933 183 SENEOTUTE.

148 300 256 380 latum,
273 319 343 364 cum
360 299 468 364 consul
483 299 596 364 iterum
610 319 661 364 me
684 300 810 364 consule
833 308 956 366 creatus
979 307 1072 367 esset.
1096 303 1176 366 Num
1213 328 1216 427 4

148 403 252 486 igitur,
269 402 295 466 si
317 400 359 465 ad
383 401 587 466 centesimum
608 421 727 466 annum
749 402 893 483 vixisset,
914 404 1087 468 senectutis
1109 424 1176 468 eum
1214 418 1216 493 j

149 525 224 570 suae
254 504 453 588 paeniteret?
497 505 565 568 Nec
595 504 678 569 enim
710 505 895 570 excursione
926 525 985 570 nec
1012 506 1095 571 saltu
1122 526 1176 571 nec

148 608 272 673 eminus
297 606 396 672 hastis
421 611 478 670 aut
500 607 672 672 comminus
694 607 809 690 gladiis
831 615 979 689 uteretur,
1002 607 1061 674 sed
1083 610 1176 674 consi·

148 711 199 792 lio,
222 711 352 791 ratione,
376 710 540 775 sententia.
576 709 664 786 Quae
686 711 748 776 nisi
771 713 931 776 essentia
953 711 1093 793 senibus,
1117 734 1175 777 non

148 835 304 881 summum
327 814 488 880 consilium
511 814 645 878 maiores
667 814 765 879 nostri
787 815 1001 898 appellassent
1024 823 1175 881 senatum.

96 936 129 983 ιο
147 917 242 1002 Apud
263 916 530 982 Lacedaemonios
552 916 678 998 quidem
701 917 733 998 ii,
757 917 810 999 qui
833 917 1060 1001 amplissimum
1083 920 1177 1003 magi-

148 1029 279 1088 stratum
309 1026 436 1103 gerunt,
467 1026 501 1085 ut
531 1026 618 1100 sunt,
648 1021 694 1085 sic
725 1021 820 1085 etiam
852 1021 1053 1086 nominantur
1076 1042 1175 1087 senes.

148 1125 239 1202 Quod
261 1125 288 1190 si
310 1125 417 1207 legere
438 1129 493 1188 aut
515 1122 623 1188 audire
645 1124 757 1189 voletis
778 1131 919 1205 externa,
946 1125 1104 1190 maximas
1129 1146 1177 1191 res

147 1229 289 1314 publicas
309 1227 349 1290 ab
368 1226 623 1291 adulescentibus
642 1225 858 1308 labefactatas,
875 1247 895 1291 a
914 1227 1042 1293 senibus
1057 1235 1176 1293 susten·

147 1338 230 1396 tatas
252 1337 283 1396 et
306 1330 464 1395 restitutas
485 1329 655 1412 reperietis.

234 1431 347 1513 Cedo,
371 1435 433 1513 qul
455 1438 617 1496 vestram
640 1434 925 1516 rempublicam
948 1440 1092 1499 tantam

619 1536 804 1600 amisistis
826 1540 899 1600 tam
922 1537 1022 1601 cito?

148 1642 200 1707 Sic
227 1640 311 1705 enim
337 1645 559 1724 percontantur
585 1639 619 1703 in
646 1639 749 1702 Naevi
776 1645 889 1722 poetae
915 1638 1021 1724 Ludo;
1052 1661 1176 1724 respon-

147 1745 224 1809 dont
211 1751 261 1808 tur
284 1748 315 1807 et
336 1743 399 1806 alia
422 1748 453 1807 et
475 1741 565 1806 hoc
556 1763 589 1805 ιιι
612 1742 737 1826 primis:

180 1845 462 1912 Proveniebant
483 1848 652 1909 oratores
674 1850 776 1926 novi,
799 1846 904 1911 sttul
879 1853 906 1910 tr
929 1845 1144 1913 adulescen-

992 1950 1071 2014 tuli

126 2053 322 2119 Temeritas
348 2057 396 2117 est
417 2050 565 2116 videlicet
589 2050 729 2116 florentis
751 2052 873 2132 aetatis,
897 2052 1065 2135 prudentia
1090 2072 1175 2118 sene-

147 2157 272 2224 scentis.

233 2259 287 2329 At,
306 2258 456 2322 memoria
485 2258 641 2322 minuitur.
689 2257 800 2337 Credo,
828 2259 889 2323 nisi
916 2279 986 2323 eam
1016 2279 1174 2339 exerceas,

145 2370 201 2429 aut
231 2361 326 2426 etiam
356 2361 382 2425 si
413 2361 456 2425 sis
482 2367 596 2424 natura
617 2360 743 2425 tardior.
788 2360 1014 2425 Themistocles
1036 2362 1175 2425 omnium

147 2467 261 2532 civium
276 2469 459 2548 perceperat
476 2464 620 2547 nomina;
644 2484 719 2527 num
739 2464 833 2546 igitur
853 2464 988 2527 censetis
1007 2483 1088 2544 eum,
1105 2483 1175 2528 cum

145 2575 250 2634 aetate
276 2565 488 2650 processisset,
512 2565 566 2646 qui
587 2565 742 2631 Aristides
765 2572 857 2646 esset,
880 2565 1105 2648 Lysimachum
1129 2586 1175 2631 sa-

145 2674 246 2737 lutare
268 2668 417 2735 solitum?
453 2668 608 2750 Equidem
630 2689 694 2734 uon
716 2668 809 2733 modo
832 2687 886 2732 eos
907 2668 991 2747 novi,
1015 2668 1069 2750 qui
1092 2675 1174 2749 sunt,

145 2774 203 2841 sed
226 2792 331 2838 eorum
355 2778 460 2855 patres
483 2771 578 2835 etiam
602 2778 633 2836 et
654 2792 741 2851 avos,
757 2791 817 2835 nec
837 2770 980 2853 sepulcra
997 2771 1109 2853 legens
1125 2792 1175 2837 ve·

146 2899 223 2958 reor,
246 2874 329 2957 quod
351 2875 449 2955 aiunt,
472 2894 513 2939 ne
536 2875 717 2939 memoriam
740 2873 887 2958 perdam;
918 2873 967 2938 his
991 2873 1074 2938 enim
1097 2874 1176 2958 ipsis

144 2978 288 3064 legendis
306 2978 340 3041 in
355 2978 537 3041 memoriam
552 2977 646 3042 redeo
661 2984 861 3042 mortuorum.
897 2978 965 3041 Nec
979 2997 1054 3041 vero
1070 2997 1175 3058 quem-

146 3104 239 3167 quam
263 3101 369 3146 senem
393 3079 500 3144 audivi
523 3080 664 3160 oblitum,
681 3101 741 3163 quo
764 3081 832 3146 loco
856 3081 1034 3145 thesaurum
1058 3081 1175 3146 obruis-

145 3194 210 3270 set;
241 3184 355 3265 omnia,
386 3203 467 3265 quae
498 3190 617 3264 curant,
645 3184 864 3262 meminerunt,
892 3183 1074 3247 vadimonia
1104 3202 1175 3248 con·

69 3313 127 3362 nn
145 3291 263 3369 stituta,
286 3287 357 3369 quis
379 3287 448 3366 sibi,
473 3287 522 3351 cui
545 3287 604 3369 ipsi
627 3285 773 3352 debeant.
802 3285 909 3362 Quid?
932 3286 1009 3351 iuris
1031 3287 1174 3367 consulti,

144 3392 244 3477 quid?
272 3389 444 3475 pontifices,
467 3387 567 3470 quid?
590 3408 736 3471 augures,
759 3387 858 3470 quid?
881 3387 1059 3471 philosophi
1082 3409 1176 3455 senes

144 3517 240 3580 quam
262 3493 360 3557 multa
381 3492 606 3576 meminerunt!
631 3491 760 3554 Manent
778 3491 907 3573 ingenia
925 3491 1063 3573 senibus,
1081 3492 1175 3558 modo

144 3603 328 3684 permaneat
350 3594 487 3659 studium
510 3599 541 3656 et
562 3592 725 3673 industria,
749 3612 851 3675 neque
875 3613 913 3657 ea
936 3594 1035 3658 solum
1058 3595 1090 3657 in
1115 3596 1175 3659 cla·

20 3702 57 3824 Ι
143 3703 187 3766 ris
206 3707 238 3765 et
252 3697 412 3766 honoratis
426 3697 512 3777 viris,
528 3695 586 3760 sed
603 3696 636 3760 in
652 3696 719 3761 vita
740 3695 834 3760 etiam
856 3696 981 3782 privata
1003 3702 1036 3761 et
1057 3698 1173 3780 quieta.
