2572 4088
207 124 230 191 4
449 143 548 198 carc
565 145 685 200 unroh
704 147 752 199 nu
771 148 992 202 suuuoruru.

173 334 189 382 s
293 316 439 381 luamus
477 317 543 397 Est,
567 324 600 381 ut
629 317 717 399 dicis,
741 321 839 403 Cat03
872 320 927 385 sed
957 320 1091 386 fortasse
1121 322 1232 386 dixerit

207 418 362 502 quispiam
385 419 441 484 tihi
463 427 591 503 propter
611 440 688 503 opes
710 427 742 485 et
763 422 869 506 copias
892 429 923 488 et
943 423 1131 507 dignitatem
1150 431 1232 488 tuam

206 522 446 586 tolerabiliorem
475 529 670 587 senectutem
700 523 810 606 videri,
841 524 874 589 id
907 533 1011 590 autem
1045 546 1110 592 non
1144 547 1233 613 posse

207 625 311 689 multis
334 625 523 709 contingere.
1278 634 1280 641 '

293 728 389 794 Caro.
418 729 476 793 Est
500 728 584 794 istud
611 730 747 813 quidem,
770 731 867 814 Laeli,
891 732 1020 814 aliquid,
1043 732 1099 798 sed
1121 753 1233 816 nequa·

207 853 300 916 quarn
327 832 360 896 in
385 832 446 896 isto
469 837 542 897 sunt
563 833 677 897 omnia.
722 834 766 900 Ut
787 835 1012 900 Themistocles
1034 837 1134 901 fertur
1156 837 1233 903 Seri-

206 936 280 1021 phio
300 934 425 1000 ouidam
443 934 477 999 in
497 934 598 1019 iurgio
618 936 827 1019 respondisse,
849 958 918 1002 cum
941 938 994 1003 ille
1016 937 1151 1004 dixisset
1173 961 1234 1004 non

207 1059 279 1104 eum
294 1059 360 1120 sua,
377 1038 432 1103 sed
447 1039 568 1123 patriae
586 1039 686 1123 gloria
706 1039 902 1123 splendorem
922 1040 1121 1106 adsecutum:
1149 1037 1235 1109 ‘Neo

207 1137 378 1221 hercule,
408 1140 519 1222 inquit,
547 1133 590 1206 ‘si
621 1161 688 1225 ego
711 1142 908 1226 Seriphius
938 1163 1072 1225 essem,
1099 1165 1169 1209 nec
1198 1151 1235 1210 tu

207 1243 238 1309 si
259 1243 520 1325 Atheniensis,
544 1244 668 1309 clarus
690 1265 862 1328 umquam
885 1242 1046 1312 fuisses?
1073 1245 1165 1323 Quod
1188 1268 1234 1313 eo

206 1344 279 1410 dem
301 1345 394 1412 modo
416 1344 456 1410 de
478 1353 638 1411 senectute
661 1347 723 1411 dici
745 1354 855 1432 potest.
883 1349 951 1414 Nec
966 1349 1098 1413 enimin
1113 1370 1235 1417 summa

206 1449 313 1533 inopia
333 1449 414 1514 levis
436 1469 505 1514 esse
527 1455 673 1515 senectus
694 1456 798 1534 potest
820 1470 861 1515 ne
883 1451 1019 1534 sapienti
1034 1451 1162 1533 quidem
1177 1474 1235 1518 nec

173 1552 367 1635 cinsipienti
390 1551 485 1617 etiam
506 1552 540 1616 in
563 1572 684 1617 summa
707 1553 799 1637 copia
819 1574 882 1618 non
904 1553 1019 1636 gravis.
1062 1555 1235 1638 Aptissima
1265 1603 1268 1609 -

206 1654 333 1718 omnino
348 1659 431 1735 sunt,
451 1653 556 1737 Scipio
579 1660 611 1719 et
629 1655 726 1736 Laeli,
747 1675 835 1719 arma
854 1656 1024 1721 senectutis
1044 1663 1127 1722 artes
1148 1678 1234 1723 exer-

208 1757 432 1838 citationesque
454 1757 616 1838 virtutum,
636 1778 717 1840 quae
738 1758 772 1821 in
795 1759 881 1822 omni
902 1764 1007 1824 aetate
1030 1759 1142 1840 cultae,
1163 1781 1234 1825 curn

206 1859 261 1924 diu
290 1859 483 1941 multumque
512 1859 641 1941 vixeris,
670 1860 817 1926 mirificos
847 1861 980 1926 efferunt
1012 1860 1141 1944 fructus,
1171 1885 1234 1928 non

207 1964 306 2028 solum
327 1962 400 2045 quia
422 1983 594 2045 numquam
617 1963 773 2044 deserunt,
789 1984 830 2028 ne
853 1971 992 2028 extremo
1012 1963 1138 2046 quidem
1161 1974 1235 2031 tem-

206 2086 282 2150 pore
307 2065 430 2148 actatis,
453 2065 657 2151 (quamquam
683 2066 717 2130 id
740 2066 866 2148 quidem
892 2068 1066 2131 maximum
1089 2067 1162 2155 est)
1184 2089 1235 2134 ve-

170 2190 275 2294 4ῐιἰιιιι
303 2169 396 2233 etiam
420 2169 494 2250 quia
521 2169 712 2234 conscientia
734 2170 815 2234 hene
837 2176 927 2233 actae
951 2170 1035 2234 vitae
1056 2171 1235 2239 multorum-

157 2315 188 2361 10
170 2240 268 2354 4que
302 2272 383 2336 hene
415 2271 567 2337 factorum
601 2272 773 2336 recordatio
803 2272 1105 2337 iucundissimat
1056 2279 1113 2338 est.
1166 2275 1234 2359 Ego

207 2375 357 2452 Quintum
384 2375 565 2454 Maximum,
595 2394 666 2438 eum
693 2375 745 2456 qui
773 2376 943 2439 Tarentum
969 2375 1098 2458 recepit,
1126 2397 1234 2443 senem

205 2478 392 2543 adulescens
421 2478 465 2541 ita
494 2477 600 2559 dilexi,
628 2483 663 2542 ut
691 2478 863 2559 aequalem.
908 2477 984 2542 Erat
1012 2478 1095 2542 enim
1122 2478 1157 2544 in
1182 2481 1234 2545 illo

206 2581 272 2646 viro
295 2581 440 2645 comitate
463 2580 589 2644 condita
610 2581 760 2664 gravitas,
777 2599 837 2644 nec
851 2586 995 2645 senectus
1014 2600 1117 2646 mores
1136 2590 1235 2648 muta·

204 2690 303 2750 verat.
332 2683 528 2765 Quamquam
548 2703 619 2747 eum
639 2685 739 2748 colere
759 2683 848 2768 coepi
867 2704 930 2748 non
952 2683 1122 2748 admodum
1143 2706 1235 2769 gran-

206 2787 277 2851 dem
293 2793 379 2867 natu,
396 2786 452 2851 sed
474 2792 580 2850 tamen
603 2787 666 2849 iam
689 2793 794 2851 aetate
815 2793 1006 2870 provectum.
1040 2787 1133 2852 Anno
1149 2789 1235 2853 enim

205 2897 276 2974 post
298 2889 407 2955 consul
429 2889 563 2972 primum
585 2889 699 2970 fuerat,
723 2909 817 2970 quam
845 2909 903 2972 ego
930 2894 1023 2954 natus
1049 2908 1128 2970 sum,
1153 2911 1235 2957 cum·

206 3013 266 3075 que
287 3013 323 3057 eo
343 2998 487 3074 quartum
508 2993 634 3056 consule
653 2990 906 3056 adulescentulus
925 2992 1016 3056 miles
1034 2991 1075 3056 ad
1091 2994 1235 3078 Capuam

205 3095 361 3179 profectus
383 3114 453 3159 sum
476 3094 646 3176 quintoque
668 3115 752 3159 anno
774 3100 844 3178 post
866 3092 907 3157 ad
930 3095 1109 3183 Tarentum.
1153 3094 1234 3173 Qua·

205 3199 347 3262 driennio
377 3205 448 3282 post
476 3198 580 3263 factus
610 3218 678 3263 sum
709 3205 863 3280 quaestor,
892 3218 985 3280 quem
1015 3199 1233 3281 magistratum

203 3301 288 3385 gessi
304 3301 484 3365 consulibus
498 3300 656 3364 Tuditano
672 3306 703 3365 et
719 3300 869 3383 Cethego,
886 3319 956 3363 curn
972 3299 1098 3381 quidem
1113 3302 1167 3366 ille
1182 3303 1234 3367 ad-

204 3403 329 3468 modum
345 3423 445 3468 senex
461 3423 570 3468 suasor
584 3403 663 3486 legis
679 3403 807 3468 Cinciae
823 3402 863 3467 de
885 3402 976 3467 donis
999 3409 1031 3466 et
1052 3407 1235 3472 muneribus

203 3506 271 3571 fuit.
303 3506 362 3570 Hic
381 3512 414 3570 et
433 3506 515 3570 bella
533 3505 664 3589 gerebat
682 3512 717 3569 ut
735 3505 929 3585 adulescens,
946 3524 1016 3569 cum
1035 3507 1129 3590 plane
1143 3529 1234 3591 gran-

105 3662 108 3667 .
204 3609 253 3673 dis
273 3615 364 3690 esset,
384 3614 416 3673 et
434 3609 645 3674 Hannibalem
664 3607 842 3672 iuveniliter
865 3609 1057 3673 exultantem
1079 3610 1235 3693 patientia

203 3729 262 3776 sua
280 3710 453 3799 molliebat,
478 3711 517 3776 de
534 3732 595 3796 quo
615 3712 775 3797 praeclare
794 3711 959 3776 familiaris
978 3718 1083 3776 noster
1097 3713 1233 3781 Ennius:
