2572 4088
146 94 181 157 18
384 112 481 168 CATO
502 114 620 168 MAIOR
639 115 686 168 Dll
705 115 925 173 sublicibus.

141 284 228 350 cuius
258 293 306 349 est
335 285 467 350 fortasse
497 286 625 368 quidam
657 290 808 355 naturalis
837 290 972 378 modus),
996 315 1059 360 non
1086 295 1183 361 in'tel-

140 386 210 470 lego
232 408 274 453 ne
295 387 328 451 in
351 388 420 453 istis
446 389 573 470 quidem
599 390 676 473 ipsis
703 392 917 475 voluptatibus
944 414 1051 461 carere
1077 417 1181 464 sensu

140 494 342 554 senectutem.
388 490 439 556 lle
466 510 541 556 vero
568 499 599 556 et
625 493 807 576 magisteria
828 493 987 561 delectant
1009 517 1029 562 a
1051 500 1174 564 maiori-

140 593 199 657 bus
229 592 373 657 instituta
402 598 434 658 et
459 593 487 658 is
514 613 625 674 sermo,
649 595 702 676 qui
723 616 810 661 more
833 597 984 663 maiorum
1006 619 1028 664 a
1050 621 1173 668 summo

139 693 305 760 adhibetur
328 695 360 758 in
383 696 503 779 poculo,
523 703 555 760 et
577 697 698 781 pocula,
718 697 799 763 sicut
820 699 854 763 in
877 699 1045 784 Symposio
1068 705 1171 770 Xeno

139 796 266 880 phontis
286 803 342 877 est,
358 798 480 862 minuta
501 805 597 880 atque
618 800 756 865 rorantia
778 807 810 865 et
832 801 1027 886 refrigeratio
1049 812 1172 871 aestate

140 905 171 963 et
199 900 337 965 vicissim
367 908 422 964 aiit
452 901 497 965 sol
530 906 585 965 ant
614 901 697 985 ignis
726 901 896 988 hibernus3
931 925 1013 987 quae
1043 907 1171 989 quidem

139 1002 233 1066 etiam
256 1003 289 1067 in
304 1003 432 1070 Sabinis
454 1004 599 1087 persequi
623 1005 707 1070 soleo
731 1006 973 1089 conviviumque
995 1007 1171 1075 vicinorum

138 1104 252 1170 cotidie
274 1106 424 1191 compleo,
441 1105 525 1188 quod
547 1105 586 1170 ad
610 1107 740 1172 multam
763 1114 898 1190 noctem,
914 1129 1007 1190 quam
1031 1111 1171 1177 maxime

137 1227 312 1291 possumus,
336 1208 424 1273 vario
446 1229 589 1273 sermone
611 1209 820 1292 producimus.

86 1326 119 1374 47
222 1311 265 1374 At
292 1330 354 1375 non
383 1316 430 1375 θεῖ
457 1312 652 1395 voluptatum
680 1319 768 1378 tants
794 1313 884 1396 quasi
910 1313 1045 1382 titillatio
1068 1315 1101 1383 in
1125 1335 1170 1383 se-

15 1471 17 1474 ,
138 1414 238 1479 nibus.
286 1414 397 1495 Credo,
421 1414 477 1480 sed
500 1435 541 1479 ne
563 1413 759 1480 desideratur
781 1416 924 1500 quidem3
955 1416 1034 1482 nihil
1064 1424 1170 1485 antem

138 1522 186 1580 θεῖ
207 1516 381 1596 molestum,
398 1516 482 1598 quod
505 1538 567 1583 non
590 1516 759 1583 desideres.
791 1519 878 1586 Bene
900 1517 1082 1602 Sophocles,
1099 1539 1169 1586 cum

138 1639 179 1688 ex
202 1638 239 1684 eo
261 1619 389 1701 quidam
413 1621 475 1684 iam
504 1620 629 1686 adfecto
659 1628 763 1686 aetate
794 1627 966 1703 quaereret,
989 1627 1169 1687 utereturne

137 1723 231 1788 rebus
252 1717 405 1788 veneriis:
440 1717 496 1788 ‘Di
522 1718 705 1789 meliorai’
727 1724 846 1808 inquit;
877 1716 1053 1790 ‘libenter
1080 1744 1169 1790 vero

137 1824 252 1889 istinc
275 1825 372 1889 sicut
394 1846 413 1889 a
436 1825 585 1890 domino
607 1826 750 1910 agresti
773 1845 816 1890 ae
834 1825 976 1892 furioso
996 1821 1169 1910 profugi?

138 1926 268 2011 Cupidis
284 1929 366 1992 enim
381 1948 484 1993 rerum
499 1929 607 1993 talium
630 1927 772 1994 odiosum
795 1928 928 1994 fortasse
950 1934 982 1994 et
1004 1929 1168 1994 molestum

138 2036 185 2094 est
207 2049 323 2111 carere,
347 2030 468 2096 satiabo
491 2051 565 2095 vero
587 2037 620 2096 et
642 2032 776 2115 expletis
799 2030 965 2095 iucundius
991 2036 1039 2095 θεῖ
1062 2050 1167 2096 carere

138 2152 231 2214 quam
254 2131 325 2196 frui.
354 2130 553 2214 Quamquam
575 2153 639 2197 non
663 2133 807 2214 caretis,
831 2133 883 2214 qui
906 2153 968 2197 non
991 2132 1166 2216 desiderat3

86 2249 119 2296 ie
138 2254 213 2317 ergo
239 2235 298 2299 hoc
324 2256 387 2301 non
414 2235 593 2301 desiderare
619 2236 689 2302 dico
715 2255 785 2301 esse
807 2235 981 2300 iucundius.
1028 2233 1119 2311 Quod
1142 2236 1167 2300 si

136 2338 205 2403 istis
227 2338 304 2423 ipsis
326 2338 537 2421 voluptatibus
563 2340 647 2403 bona
673 2345 762 2404 aetas
789 2338 900 2402 fruitur
926 2337 1087 2418 libentius,
1110 2338 1167 2422 pri·

137 2460 222 2505 mum
244 2441 383 2524 parvulis
405 2440 517 2505 fruitur
538 2442 640 2522 rebus,
665 2449 700 2505 ut
722 2441 869 2522 diximus,
894 2439 1009 2505 deinde
1031 2440 1081 2521 iis,
1105 2440 1167 2522 qui-

137 2544 196 2610 bus
226 2550 380 2624 senectus,
405 2544 527 2609 etiamsi
555 2563 618 2608 non
648 2543 775 2609 abunde
805 2543 931 2628 potitur,
955 2562 1017 2607 non
1040 2543 1168 2610 omnino

137 2653 230 2711 earet.
276 2647 319 2713 Ut
344 2647 502 2731 Turpione
529 2647 675 2712 Ambivio
705 2647 809 2729 magis
837 2644 1020 2725 delectatur,
1052 2645 1106 2726 qui
1136 2647 1168 2712 in

136 2749 237 2832 prima
263 2769 361 2814 eavea
383 2757 514 2833 spectat,
538 2749 712 2814 delectatur
734 2755 840 2814 tamen
864 2748 969 2828 etiam,
993 2746 1048 2829 qui
1069 2748 1103 2813 in
1126 2748 1169 2813 ul·

137 2853 222 2932 tima,
246 2853 291 2918 sic
317 2852 532 2918 adulescentia
553 2852 731 2935 voluptates
758 2857 885 2935 propter
912 2850 1041 2916 intuens
1068 2850 1170 2932 magis

138 2954 270 3020 fortasse
299 2956 441 3035 laetatur,
470 2954 526 3019 sed
556 2953 729 3020 delectatur
759 2954 854 3019 etiam
884 2961 1032 3018 senectus
1061 2951 1170 3034 procul

138 3078 192 3122 eas
214 3064 361 3141 spectans
384 3064 516 3136 tantum,
539 3064 692 3137 quantum
716 3063 765 3123 sat
787 3062 843 3122 est.

86 3173 119 3219 49
224 3163 266 3224 Αῖ
288 3161 342 3224 illa
364 3160 473 3241 quanti
496 3167 578 3239 sunt,
602 3159 741 3224 animum
764 3167 927 3241 tamquam
954 3156 1091 3223 emeritis
1118 3154 1170 3222 sti-

138 3262 262 3346 pendiis
288 3261 438 3343 libidinis,
466 3261 655 3343 ambitionis,
683 3261 903 3342 contentionis,
926 3257 1169 3339 inimicitiarum,

139 3365 344 3449 cupiditatum
375 3367 513 3430 omnium
543 3385 650 3430 secum
680 3384 749 3428 esse
779 3381 958 3445 secumque,
981 3368 1016 3425 ut
1045 3359 1169 3440 dicitur,

139 3469 263 3534 vivere!
298 3469 332 3535 si
355 3489 429 3533 vero
452 3469 548 3533 habet
569 3464 696 3548 aliquod
717 3473 878 3547 tamquam
901 3464 1052 3548 pabulum
1074 3461 1170 3526 studii

139 3578 233 3653 atque
253 3571 422 3650 doetrinae,
440 3569 516 3634 nibil
532 3576 579 3634 est
594 3569 694 3634 otiosa
708 3573 870 3636 senectute
885 3564 1059 3631 iucundius.
1091 3564 1171 3628 Mori

20 3644 58 3800 ι
139 3675 324 3740 videbamus
347 3675 378 3737 iii
403 3673 505 3738 studio
529 3670 713 3737 dimetiendi
736 3691 837 3757 paene
860 3671 938 3736 caeli
957 3675 1052 3749 atque
1067 3672 1171 3732 terrae
