2572 4088
204 128 246 193 20
447 144 545 200 CATO
564 144 684 198 MAIOR
702 145 751 198 DE
770 143 990 203 SENECTUTE.

206 338 261 383 suo
291 316 439 383 diffundit
468 324 500 382 et
527 317 610 382 elicit
637 316 875 382 herbescentem
906 337 946 381 ex
970 336 1007 382 eo
1027 315 1244 390 viriditatem,

206 441 286 503 quae
301 420 378 485 nixa
389 419 476 486 fibris
491 420 634 504 stirpium
649 420 766 485 sensim
781 418 934 484 adulescit
948 420 1114 503 culmoque
1129 427 1250 490 erecta

205 523 383 606 geniculato
398 521 523 606 vaginis
544 522 608 585 iam
631 522 720 604 quasi
735 523 912 606 pubescens
925 520 1112 606 includitur;
1136 541 1155 588 e
1171 523 1256 606 qui*

206 625 264 690 bus
294 644 364 690 cum
394 624 529 704 emersit,
560 624 664 689 fundit
692 624 813 707 frugem
842 624 921 708 spici
944 624 1057 691 ,ordine
1082 630 1249 695 cunctam

207 734 238 791 et
267 732 377 792 contra
404 727 510 792 avium
537 727 692 792 minomm
719 746 840 792 morsus
862 727 1000 792 munitur
1021 727 1104 800 vallo
1125 727 1250 793 mista‘-

156 847 187 896 sa
206 850 284 895 rum.
327 828 410 905 Quid
432 849 491 913 ego
514 830 624 894 vitium
647 836 742 909 ortus,
765 835 862 911 satus,
884 829 1079 895 incrementa
1101 844 1240 896 comme

206 933 348 998 morem?
393 933 508 999 Satiari
534 930 742 997 delectatione
769 953 832 997 non
859 952 997 1016 possum,
1019 939 1055 998 ut
1069 952 1167 1002 ,meac
1190 953 1234 1000 se·

207 1034 341 1100 nectutis
370 1036 540 1117 requietem
572 1035 899 1116 oblectamentumque
925 1035 1070 1102 noscatis.
1115 1034 1234 1101 Omitto

208 1138 290 1203 enim
314 1137 377 1202 vim
399 1137 500 1220 ipsam
523 1136 671 1217 omnium,
687 1156 769 1218 quae
790 1144 981 1220 generantur
1003 1157 1022 1203 e
1043 1144 1136 1220 terra,
1153 1157 1234 1221 quac

209 1262 249 1306 ex
271 1240 323 1305 fici
344 1240 463 1304 tantulo
485 1259 584 1323 grano
606 1245 661 1304 aut
683 1259 723 1304 cx
747 1239 830 1304 acini
852 1240 984 1306 vinaceo
1005 1248 1072 1306 aut*
1087 1259 1130 1306 ex
1157 1248 1233 1306 cctc·

209 1364 311 1408 rarum
338 1341 462 1424 frugum
489 1347 544 1405 aut
570 1340 713 1424 stirpium
736 1329 952 1408 minutissimis
974 1342 1148 1408 seminibus
1169 1349 1233 1408 tan-

210 1453 257 1512 tos
285 1451 411 1509 truncos
439 1463 605 1525 ramosque
635 1451 792 1526 procreet:
830 1445 980 1525 malleoli,
1003 1445 1146 1529 plantae,
1173 1465 1233 1510 sar·

210 1555 324 1628 menta,
340 1547 536 1627 viviradices,
551 1546 741 1630 propagines
757 1555 861 1612 noune
877 1547 1026 1628 efficiunt,
1041 1554 1077 1613 ut
1092 1548 1233 1630 quemvis

211 1671 280 1714 cum
307 1649 511 1715 admiratione
538 1649 718 1714 delectent?
757 1649 838 1713 Vitis
861 1650 996 1731 quidem,
1019 1670 1101 1732 quae
1122 1656 1234 1716 natura

211 1750 330 1817 caduca
359 1758 406 1816 est
435 1759 475 1831 et,
498 1752 558 1818 nisi
588 1752 668 1816 fulta
697 1758 754 1832 est,
777 1751 874 1816 fertur
901 1752 942 1816 ad
963 1759 1088 1836 terram,
1112 1753 1233 1834 eadem,

199 1862 245 1933 ¹ut
267 1873 301 1919 se
323 1853 433 1936 erigat,
456 1853 616 1918 claviculis
638 1853 702 1917 suis
725 1853 816 1935 quasi
838 1854 993 1934 manibus,
1013 1855 1167 1937 quidquid
1188 1863 1234 1922 est

211 1962 314 2036 nacta,
337 1955 566 2038 complectitur3
590 1976 683 2037 quam
707 1961 883 2039 serpentem
906 1955 1069 2039 multiplici
1091 1957 1183 2043 lapsu
1205 1965 1234 2023 et

212 2058 343 2124 erratico
368 2056 452 2121 ferro
477 2065 645 2140 amputans
670 2064 792 2122 coercet
813 2077 864 2122 ars
886 2058 1100 2141 agricolarum,
1124 2079 1165 2126 ne
1187 2060 1234 2126 sil·

161 2183 195 2233 sa
213 2166 321 2226 vescat
342 2159 508 2224 sarmentis
531 2166 562 2224 et
583 2159 616 2222 in
638 2179 745 2224 omncs
762 2165 868 2242 partes
883 2159 981 2225 nimia
995 2159 1153 2227 fundatur.
1177 2165 1234 2229 Ita·

214 2283 275 2346 que
303 2262 430 2326 ineunte
460 2281 534 2327 vere
563 2261 595 2324 iu
623 2260 670 2341 iis,
695 2281 774 2342 quae
797 2262 905 2326 relicta
927 2269 1009 2342 sunt,
1033 2264 1140 2330 existit
1161 2272 1235 2331 tarn

214 2386 307 2448 quam
328 2363 369 2429 ad
392 2364 537 2429 articulos
559 2369 783 2429 sarmentomm
799 2384 847 2444 ca,
864 2385 944 2446 quac
965 2385 1092 2449 gemma
1113 2367 1234 2449 dicitur,

213 2489 234 2532 a
255 2485 317 2549 qua
338 2466 441 2531 oriens
463 2484 526 2528 uva
547 2484 581 2529 se
597 2465 742 2546 ostendit,
759 2486 839 2547 quae
861 2473 894 2531 et
916 2487 990 2533 suco
1013 2476 1113 2533 terrae
1135 2478 1168 2535 et
1190 2489 1235 2535 ca·

213 2571 278 2634 lore
308 2568 380 2634 solis
410 2586 583 2650 augescens
612 2567 711 2650 primo
741 2579 789 2632 cst
810 2571 982 2652 peracerba
1002 2577 1140 2654 gustatu,
1163 2571 1235 2641 dciu

214 2676 368 2736 maturata
394 2668 544 2734 dulcescit
565 2668 740 2751 vestitaque
767 2672 924 2755 pampinis
955 2693 1014 2738 nec
1043 2672 1165 2739 modico
1195 2681 1236 2742 te-

214 2794 288 2858 pore
314 2777 399 2836 caret
425 2777 457 2836 et
482 2770 595 2835 nimios
623 2771 696 2836 solis
722 2770 866 2836 defendit
886 2772 1023 2840 ardores.
1069 2774 1140 2852 Qua
1162 2779 1237 2860 quid

214 2882 315 2960 potest
341 2893 410 2939 esse
438 2893 508 2937 cum
534 2871 636 2936 fructu
663 2873 785 2954 laetius,
812 2879 879 2938 tum
901 2883 1031 2959 aspectu
1052 2877 1236 2961 pulchrius?

215 2978 310 3044 Cuius
337 2972 463 3058 quidem
490 2994 552 3038 non
580 2974 697 3039 utilitas
723 2995 774 3040 me
796 2977 906 3058 solum,
928 2982 963 3042 ut
984 2984 1058 3043 ante
1080 2978 1157 3061 dixi,
1177 2981 1237 3055 sed

214 3080 307 3145 ctiam
331 3078 450 3142 cultura
472 3082 503 3140 et
525 3082 636 3140 natura
658 3077 727 3159 ipsa
748 3076 893 3159 delectat,
913 3079 1170 3147 adminiculorum
1193 3103 1237 3149 or·

215 3181 313 3262 dines,
343 3180 479 3263 capitum
509 3179 638 3262 iugatio,
669 3179 810 3263 religatio
841 3187 873 3244 et
902 3183 1086 3266 propagatio
1115 3184 1236 3265 vitium,

214 3289 438 3349 sarmentorum
460 3301 508 3362 ea,
532 3300 625 3362 quarn
647 3279 725 3361 dixi,
748 3282 878 3346 aliomm
900 3285 1084 3368 amputatio,
1105 3287 1237 3353 aliorum

212 3386 360 3451 inmissis.
407 3382 489 3459 Quid
512 3403 571 3467 ego
594 3383 799 3467 irrigationes,
824 3385 898 3466 quid
921 3385 1074 3460 fossiones
1101 3389 1170 3472 agri
1192 3411 1237 3457 re-

211 3487 498 3572 pastinationesque
524 3483 690 3568 proferam,
713 3486 826 3567 quibus
851 3485 886 3550 fit
908 3488 1005 3552 multo
1028 3495 1111 3554 terra
1132 3491 1238 3559 secuu-

161 3616 195 3664 54
212 3589 306 3666 dior?
337 3587 420 3665 Quid
442 3586 482 3651 de
504 3586 637 3651 utilitate
659 3586 767 3666 loquar
788 3589 1006 3654 stercorandi?
1043 3591 1120 3656 Dixi
1143 3592 1176 3657 in
1199 3615 1237 3663 eo

212 3693 300 3772 libro,
324 3709 415 3771 quem
445 3687 485 3753 de
514 3688 607 3753 rebus
637 3687 759 3753 rusticis
786 3687 906 3774 scripsi.
960 3692 1008 3757 De
1035 3711 1098 3775 qua
1126 3691 1238 3772 doctus
