2572 4088
153 962 180 1030 Ο
195 964 287 1045 Tite,
304 965 334 1030 si
350 964 438 1047 quid
454 985 521 1049 ego
540 964 694 1029 adiuero
714 984 886 1028 curamve
904 963 1063 1042 levasso,
1110 947 1125 1064 ᾗ

153 1064 253 1142 Quae
273 1088 370 1132 nunc
388 1073 424 1132 te
445 1068 571 1150 coquit
586 1073 622 1132 et
638 1074 766 1131 versat
780 1066 818 1130 in
833 1071 984 1150 pectore
1000 1065 1089 1145 fixa,

151 1168 292 1251 Ecquid
316 1171 386 1234 erit
408 1171 571 1255 praemi?

61 1270 154 1335 Licet
180 1271 263 1335 enim
290 1271 367 1335 mihi
393 1273 537 1337 versibus
560 1272 680 1338 eisdem
702 1271 804 1336 adfari
826 1277 867 1353 te,
890 1271 1003 1353 Attice,
1027 1271 1090 1353 qui-

61 1375 124 1439 bus
145 1372 272 1438 adfatur
293 1376 504 1439 Flamininum

151 1477 221 1542 Ille
240 1479 297 1542 vir
316 1477 413 1549 haud
433 1499 568 1561 magna
587 1498 666 1543 cum
686 1498 734 1558 re,
751 1476 816 1542 sed
831 1477 965 1562 plenus
981 1475 1089 1561 fidei3

61 1598 254 1662 quamquam
277 1587 361 1645 certo
384 1581 448 1646 scio
470 1602 544 1662 non,
567 1588 601 1644 ut
623 1580 844 1660 Flamininum,

150 1683 359 1749 Sollicitari
392 1691 441 1764 te,
472 1684 571 1765 Tite,
602 1683 656 1748 sic
686 1689 890 1764 noctesque
920 1680 1089 1764 diesquc;

61 1785 138 1851 novi
165 1786 248 1850 enim
275 1786 521 1852 moderationem
544 1787 640 1850 animi
662 1787 708 1850 tui
731 1791 762 1850 ct
783 1785 975 1867 aequitatem
998 1792 1090 1867 teque

62 1908 128 1954 non
157 1908 331 1973 cognomen
361 1891 462 1955 solum
487 1889 621 1953 Athenis
648 1888 839 1972 deportasse,
867 1887 923 1954 sed
951 1887 1091 1952 humani-

60 1997 160 2056 tatem
176 2001 208 2056 et
222 1992 420 2076 prudentiam
438 1993 596 2077 intellego.
627 1993 668 2056 Et
690 1999 795 2056 tamen
819 1998 850 2056 te
872 1991 1013 2075 suspicor
1035 1991 1091 2056 eis·

60 2094 136 2160 dem
161 2095 256 2161 rebus
281 2097 395 2179 quibus
420 2117 470 2161 me
496 2097 598 2180 ipsum
625 2094 781 2160 interdum
807 2094 934 2179 gravius
961 2114 1091 2161 commo

60 2197 139 2262 veri.
174 2196 313 2274 Quarum
333 2199 502 2265 consolatio
522 2205 554 2263 et
572 2199 670 2263 maior
689 2207 736 2262 est
755 2197 837 2261 etin
859 2197 945 2262 aliud
968 2203 1091 2280 tempus

12 2356 19 2367 ,
60 2300 255 2385 differenda;
279 2322 362 2366 nuno
383 2308 488 2366 autem
511 2300 589 2365 mihi
612 2308 659 2366 est
677 2301 779 2365 visum
799 2298 840 2364 de
859 2306 1020 2365 senectute
1038 2299 1091 2363 ali-

61 2402 140 2487 quid
161 2402 204 2468 ad
226 2410 257 2469 te
280 2405 484 2470 conscribere.
516 2405 585 2469 Hoc
600 2404 684 2467 enim
699 2423 804 2484 onere,
820 2402 904 2485 quod
920 2403 996 2466 mihi
1012 2423 1091 2467 com·
1110 2419 1125 2466 n

61 2526 158 2572 mune
180 2515 284 2573 tecum
308 2514 365 2589 est,
383 2517 439 2572 aut
459 2507 522 2571 iam
545 2508 686 2591 urgentis
708 2513 762 2570 aut
785 2512 868 2571 certe
890 2505 1091 2570 adventantis

61 2610 234 2677 senectutis
257 2616 289 2674 et
310 2618 341 2674 te
364 2617 396 2675 et
418 2630 468 2674 me
491 2610 585 2675 etiam
608 2610 711 2694 ipsum
733 2608 828 2674 levari
852 2609 932 2684 volo.
971 2607 1038 2673 Etsi
1060 2617 1092 2673 te

61 2712 190 2799 quidem
212 2712 246 2777 id
267 2713 389 2778 modice
410 2733 449 2778 ac
474 2714 633 2796 sapienter
660 2712 739 2777 siout
765 2712 870 2776 omnia
896 2718 927 2775 et
953 2711 1034 2775 ferre
1060 2719 1092 2775 ct

61 2819 197 2882 laturum
227 2835 296 2881 esse
322 2824 406 2881 certo
433 2817 506 2882 scio.
552 2815 615 2882 Sed
642 2815 728 2896 mihi,
757 2836 827 2881 oum
859 2814 898 2879 de
929 2821 1091 2881 senectute

60 2919 176 2986 vellem
195 2918 316 3001 aliquid
334 2920 479 3000 scribere,
500 2925 534 2984 tu
555 2919 740 2984 occurrebas
760 2917 875 3002 dignus
895 2937 932 2982 eo
952 2938 1090 2999 munere,

61 3041 125 3105 quo
147 3028 277 3104 uterque
300 3030 438 3086 nostrum
462 3022 667 3086 communiter
689 3027 836 3086 uteretur.
865 3020 942 3085 Mihi
964 3019 1090 3101 quidem

60 3126 109 3191 ita
127 3124 264 3189 iucunda
283 3123 375 3189 huius
394 3124 464 3190 libri
484 3124 639 3191 confectio
658 3124 727 3205 fuit,
743 3129 778 3188 ut
797 3144 859 3188 non
876 3122 968 3187 modo
983 3143 1092 3188 omnes

60 3226 245 3293 absterserit
260 3227 430 3292 senectutis
446 3227 613 3308 molestias,
630 3226 686 3292 sed
702 3226 842 3292 effecerit
857 3226 980 3291 mollem
996 3226 1091 3290 etiam

63 3337 97 3396 et
121 3329 292 3394 iucundam
320 3336 523 3395 senectutem.
568 3330 748 3411 Numquam
775 3329 870 3413 igitur
892 3328 987 3413 digne
1015 3302 1242 3773 say

62 3432 186 3498 laudari
208 3431 404 3516 philosophia
426 3433 549 3516 poterit,
572 3433 623 3498 cui
646 3434 698 3515 qui
721 3440 831 3516 pareat
853 3451 945 3496 omne
967 3436 1092 3516 tempus
1171 3462 1176 3475 ·

62 3536 177 3602 aetatis
204 3535 272 3600 sine
298 3535 441 3600 molestia
469 3535 567 3618 possit
594 3534 719 3618 degere.
765 3535 827 3600 Sed
855 3534 895 3599 de
923 3535 1035 3600 ueteris
1061 3542 1127 3605 ets

62 3637 203 3702 diximus
228 3637 327 3701 multa
348 3644 379 3700 et
402 3657 496 3721 saepe
519 3637 669 3718 dicemus,
692 3637 776 3702 hunc
798 3637 913 3703 librum
934 3635 977 3703 ad
998 3635 1093 3707 todo
