2572 4088
147 95 187 160 14
385 111 484 170 euro
502 111 621 170 11111111
639 112 687 169 on
706 112 927 170 suunouuun.

144 292 244 367 seunt,
270 287 366 351 animi
393 294 498 352 autem
525 307 559 351 se
585 286 761 352 exercendo
784 288 936 351 levantur.
982 284 1065 351 Nam
1093 303 1169 368 quos

143 388 188 452 ait
218 388 371 454 Caecilius
400 382 572 455 ‘comicos
602 390 738 456 stultos
767 384 897 470 senes',
927 388 984 454 hos
1014 389 1168 474 signifieat

144 491 295 572 credulos,
319 493 495 573 obliviosos,
519 492 696 574 dissolutos,
719 513 800 575 quae
822 493 900 558 vitia
929 499 1002 558 sunt
1031 513 1095 558 non
1125 513 1167 558 se-

143 595 287 674 nectutis,
317 594 373 660 sed
402 596 520 678 inertis,
551 596 697 680 ignavae,
728 596 955 662 somniculosae
988 597 1165 661 senectutis.

143 696 186 760 Ut
212 698 394 781 petulantia,
417 706 452 763 ut
477 698 574 763 libido
600 699 702 780 magis
728 707 776 764 est
800 698 1049 763 adulescentium
1074 719 1165 780 quam

143 817 262 879 sonum,
286 820 344 865 nee
369 807 475 865 tamen
498 801 636 864 omnium
658 800 915 880 adulescentium,
938 800 995 865 sed
1017 821 1081 866 non
1103 821 1165 884 pro·

143 902 262 983 borum,
289 903 334 967 sic
359 904 420 968 ista
445 904 551 970 senilis
578 904 718 984 stultitia,
742 923 823 985 quae
848 903 991 968 deliratio
1017 903 1165 988 appellari

91 1021 123 1068 31
143 1003 230 1085 solet,
247 1025 357 1070 senum
379 1007 495 1071 levium
518 1013 575 1086 est,
591 1027 654 1071 non
677 1007 824 1071 omnium.
853 1005 1005 1082 Quattuor
1024 1007 1166 1072 robustos

142 1107 236 1187 filios,
267 1110 404 1190 quinque
433 1109 526 1188 filias,
557 1116 676 1173 tantam
706 1107 846 1189 domum,
873 1116 977 1174 tantas
1006 1110 1165 1174 clientelas

141 1210 263 1293 Appius
285 1211 415 1295 regebat
437 1218 469 1275 et
490 1230 602 1275 caecus
625 1216 656 1274 et
678 1230 793 1293 senex;
820 1212 974 1275 intentum
997 1213 1082 1276 enim
1104 1212 1165 1276 aui-

142 1335 227 1378 mum
250 1320 409 1395 tamquam
431 1334 537 1377 areum
561 1313 697 1378 habebat
719 1335 778 1379 nee
799 1315 1007 1397 languescens
1030 1335 1164 1380 succum-

142 1418 238 1481 bebat
271 1416 443 1499 senectuti,
477 1418 605 1482 tenebat
638 1437 701 1481 nou
731 1416 824 1482 modo
853 1418 1080 1499 auctoritatem,
1112 1417 1164 1483 sed

143 1520 237 1583 etiam
260 1518 425 1602 imperium
446 1519 480 1582 in
502 1538 583 1599 suos,
606 1521 790 1585 metuebant
812 1521 904 1600 servi,
923 1520 1114 1585 verebantur
1134 1520 1164 1584 li-

142 1622 217 1702 beri,
242 1642 347 1686 carum
369 1642 477 1686 omnes
503 1621 678 1706 habebant;
706 1623 834 1706 vigebat
855 1623 888 1686 in
910 1623 963 1686 illa
984 1621 1077 1688 domo
1100 1643 1164 1688 mos

90 1737 123 1785 38
142 1726 259 1807 patrius
286 1731 317 1789 et
343 1724 516 1807 disciplina.
561 1726 611 1789 Ita
633 1725 716 1789 enim
738 1731 883 1789 senectus
904 1723 1037 1790 honesta
1058 1732 1116 1806 est,
1140 1725 1163 1790 si

142 1848 175 1892 se
198 1828 267 1911 ipsa
289 1828 440 1907 defendit,
464 1828 491 1891 si
513 1827 561 1890 ius
584 1846 673 1890 suum
695 1828 817 1906 retinet,
840 1828 866 1890 si
889 1827 1006 1890 nemini
1033 1828 1164 1893 emanci-

141 1937 216 2014 pata
246 1937 301 2010 est,
332 1931 358 1994 si
388 1949 487 2011 usque
516 1928 557 1992 ad
587 1929 729 1993 ultimum
758 1930 899 2012 spiritum
930 1928 1108 1995 dominatur
1133 1932 1163 1995 in

141 2052 221 2097 suos.
266 2033 310 2098 Ut
332 2033 415 2096 enim
437 2031 679 2111 adulescentem,
702 2032 735 2095 in
756 2052 817 2112 quo
840 2039 887 2097 est
913 2033 1011 2097 senile
1035 2033 1163 2114 aliquid,

141 2128 196 2200 sie*
209 2155 326 2215 senem,
348 2135 382 2198 in
405 2155 466 2217 quo
489 2141 537 2199 est
558 2133 676 2215 aliquid
697 2133 916 2217 adulescentis,
939 2135 1054 2218 prob03
1082 2135 1164 2217 quod

141 2237 194 2319 qui
210 2238 358 2318 sequitur,
374 2257 501 2320 corpore
524 2257 623 2302 senex
646 2257 715 2302 esse
736 2238 858 2321 poterit,
874 2237 979 2302 animo
993 2257 1163 2321 numquam

141 2341 207 2404 1111.
239 2340 396 2423 Septimus
411 2339 488 2403 mihi
503 2340 582 2405 liber
596 2339 758 2423 Originum
779 2347 826 2405 est
840 2341 873 2403 in
889 2341 1042 2421 manibus,
1059 2343 1164 2406 omnia

139 2444 334 2524 antiquitatis
349 2451 551 2507 monumenta
566 2443 684 2527 colligo,
697 2463 861 2507 causarum
876 2443 1062 2523 inlustrium,
1076 2464 1164 2526 quas-

140 2566 273 2628 cumque
299 2545 435 2625 defendi,
462 2566 546 2610 nune
572 2565 640 2610 cum
670 2547 808 2610 maxime
837 2545 967 2610 conficio
997 2547 1163 2627 orationes,

139 2649 188 2713 ius
217 2649 391 2732 auugurium,
421 2648 625 2732 pontificium,
652 2649 742 2714 civile
772 2656 880 2728 tracto,
907 2649 1038 2712 multum
1069 2649 1163 2713 etiam

140 2752 268 2816 Graecis
290 2752 401 2817 litteris
423 2759 492 2816 utor
506 2753 836 2835 Pythagoreorumque
858 2771 944 2815 more
967 2752 1164 2818 exercendae

140 2855 307 2918 memoriae
336 2855 451 2936 gratia,
482 2854 557 2935 quid
588 2874 711 2935 quoque
741 2854 792 2918 die
821 2855 969 2934 dixerim,
999 2853 1163 2936 audierim,

141 2957 267 3040 egerim,
284 2976 490 3020 commemoro
512 2958 645 3041 vesperi.
673 2958 742 3020 Hae
764 2965 835 3021 sunt
858 2957 1099 3022 exercitationes
1121 2959 1164 3023 in·

139 3059 236 3141 genii,
258 3059 337 3123 haec
360 3059 511 3123 eurrieula
533 3060 656 3139 mentis,
678 3059 711 3122 in
734 3058 783 3124 his
806 3058 964 3124 desudans
985 3066 1081 3142 atque
1104 3063 1164 3126 ela-

139 3163 254 3227 borans
280 3162 415 3245 corporis
438 3162 520 3227 vires
546 3182 608 3225 non
635 3182 824 3245 magnopere
847 3162 998 3227 desidero.
1043 3163 1163 3229 Adsum

139 3266 258 3346 amicis,
280 3266 374 3330 venio
395 3266 428 3328 in
459 3271 601 3330 senatum
630 3264 776 3346 frequens
806 3265 946 3346 ultroque
975 3265 1085 3330 adfero
1114 3286 1165 3331 res

140 3369 271 3433 multum
294 3375 324 3432 et
346 3367 400 3431 diu
423 3368 575 3450 cogitatas
597 3386 713 3448 easque
736 3374 823 3432 tueor
845 3368 949 3449 animi,
973 3389 1036 3432 non
1060 3389 1165 3452 eorpo-

140 3472 182 3535 ris
198 3472 325 3536 viribus.
350 3469 436 3546 Quas
459 3472 485 3535 si
508 3470 624 3552 exequi
645 3471 815 3552 nequirem,
832 3477 937 3536 tamen
961 3491 1011 3536 me
1033 3472 1165 3537 lectulus

140 3594 228 3638 meus
250 3574 420 3638 oblectaret
442 3594 480 3638 ea
501 3575 571 3657 ipsa
587 3574 784 3656 cogitantem,
802 3594 881 3654 quae
898 3576 959 3638 iam
982 3594 1077 3658 agere
1101 3597 1165 3640 non

20 3676 69 3784 Ι
139 3698 280 3761 possem;
304 3676 359 3740 sed
384 3684 415 3740 ut
437 3679 563 3760 possim,
584 3677 660 3741 facit
681 3683 753 3740 acta
775 3679 848 3742 vita.
872 3679 1002 3762 Semper
1025 3678 1108 3741 enim
1131 3680 1166 3744 in
