2572 4088
443 157 526 209 car.
540 161 581 211 re.
593 161 636 213 ao.
654 159 793 221 eea-rr.
1088 141 1128 207 Ξῖ

101 337 172 395 tura
208 332 318 413 Itaque
339 329 560 395 adulescentes
581 329 658 393 milri
680 330 757 394 mori
779 330 825 394 sic
839 329 995 411 videntur,
1010 342 1044 396 ut
1057 350 1129 396 oum

102 452 203 514 aquae
228 432 428 498 multitudine
453 433 600 496 flammae
621 433 671 498 ris
692 433 886 516 opprimitur,
908 452 1001 499 senes
1021 441 1129 501 autem

103 535 157 616 sic,
186 542 222 600 ut
251 555 322 600 curn
352 556 411 601 sua
439 544 551 620 sponte
580 535 666 615 nulla
693 535 838 601 adbibita
866 536 897 601 vi
926 546 1130 620 eonsumptus

103 637 185 720 ignis
204 639 406 721 extinguitur.
440 639 481 702 Et
503 638 594 720 qnasi
615 657 710 721 poma
731 658 772 702 ex
794 638 968 716 arboribus,
983 637 1080 703 cruda
1101 638 1129 705 si

104 748 185 819 sunt,
215 742 270 805 vix
299 742 483 821 evelluntur,
510 742 538 805 si
566 752 689 805 matura
718 749 750 805 et
776 749 874 819 cocta,
901 739 1060 815 decidunt,
1083 741 1130 806 sic

104 842 199 907 vitam
218 843 473 909 adulescentibus
487 844 536 908 vis
558 843 670 923 aufert,
685 842 815 908 senibus
836 843 1008 907 maturitas.
1040 842 1129 919 Quae

105 945 230 1026 quidem
255 947 333 1012 mibi
359 956 425 1011 tarn
450 945 588 1011 iucunda
610 954 667 1026 est,
689 955 733 1019 nt
756 966 818 1028 qno
839 947 967 1030 propius
988 946 1030 1011 ad
1052 967 1130 1013 mor

104 1056 165 1114 tem
188 1050 348 1129 accedam,
372 1051 460 1132 qnasi
487 1059 601 1114 terram
628 1048 736 1115 videre
762 1049 872 1114 videar
897 1049 1130 1132 aliquandoque

104 1151 135 1217 iu
162 1161 285 1236 portum
311 1174 352 1219 ex
379 1155 475 1238 longa
495 1153 699 1237 navigatione
720 1173 791 1218 esse
813 1160 972 1217 venturus.
1017 1153 1130 1218 Seneo

104 1255 178 1321 tutis
206 1262 312 1321 autem
341 1257 444 1320 nullus
473 1264 522 1322 est
550 1264 653 1320 certus
679 1256 841 1335 terminus,
863 1263 1010 1337 recteque
1036 1255 1069 1320 in
1092 1275 1131 1320 ea

104 1359 228 1440 vivitur,
255 1360 359 1442 quoad
384 1380 499 1426 munus
527 1360 622 1426 officii
652 1360 768 1443 exequi
797 1367 830 1427 et
858 1358 939 1424 tueri
967 1358 1069 1443 possis
1098 1368 1130 1424 at

104 1468 208 1526 tamen
223 1471 354 1528 mortem
370 1469 585 1546 contemnere;
608 1484 650 1528 ex
665 1482 726 1545 quo
741 1461 786 1542 fit,
802 1471 837 1527 ut
851 1461 1020 1527 animosior
1035 1461 1129 1527 etium

104 1571 248 1630 senectus
280 1566 322 1630 sit
353 1586 446 1648 quam
476 1565 693 1631 adulescentia
721 1574 753 1630 et
782 1564 898 1630 sortior.
955 1564 1023 1629 Hoc
1052 1561 1129 1629 illud

104 1673 164 1747 est,
193 1667 276 1750 quod
305 1668 467 1735 Pisistrato
498 1675 634 1751 tyranno
663 1688 684 1732 a
712 1666 825 1733 Solone
858 1686 1042 1750 responsum
1072 1676 1129 1746 est,

104 1788 174 1834 cum
196 1771 240 1834 illi
263 1771 435 1853 quaerenti,
455 1791 519 1854 qua
540 1770 669 1835 tandem
691 1790 725 1836 re
746 1769 845 1835 fretus
867 1768 927 1834 sibi
949 1776 1013 1835 tam
1036 1767 1130 1834 auda·

104 1871 181 1937 citer
198 1872 371 1954 obsisteret,
386 1872 562 1957 respondit:
585 1867 820 1939 ‘Senectute'
845 1871 910 1938 Sed
932 1871 1060 1937 vivendi
1083 1879 1131 1937 est

103 1974 174 2040 finis
188 1976 333 2059 optimus,
349 1996 420 2041 cnm
438 1977 561 2060 integra
583 1982 688 2041 mente
710 1975 864 2057 certisque
886 1975 1031 2040 sensibus
1051 1993 1131 2059 opus

104 2077 173 2161 ipsa
198 2097 288 2142 sunm
316 2078 436 2159 eadenu
460 2098 542 2161 quae
568 2078 809 2162 coagmentavit,
837 2084 951 2142 natura
977 2077 1128 2143 dissolvit.

103 2179 146 2245 Ut
165 2200 288 2262 navem,
304 2187 339 2245 ut
360 2181 537 2246 aedificium
559 2180 644 2246 idem
665 2179 798 2246 destruit
819 2180 976 2261 facillime,
993 2180 1045 2262 qui
1061 2199 1130 2247 eon·

103 2283 226 2364 struxit,
250 2283 296 2349 sic
317 2284 477 2349 hominem
499 2283 610 2349 eadem
632 2284 758 2366 optime,
783 2301 863 2366 quae
890 2282 1129 2367 conglutinavit,

103 2392 215 2451 natura
237 2386 387 2452 dissolvit.
432 2389 500 2452 Iam
522 2387 625 2453 omnis
646 2386 871 2469 conglutinatio
892 2406 1004 2453 recens
1024 2405 1129 2471 aegre,

102 2488 278 2554 inveterata
303 2488 396 2555 facile
422 2488 589 2554 divellitur.
634 2489 684 2553 Ita
705 2488 750 2570 fit,
773 2487 904 2554 utillud
927 2489 1023 2555 breve
1045 2489 1130 2555 vitae

102 2591 256 2673 reliquum
281 2610 341 2657 uec
362 2591 456 2657 avide
478 2590 690 2676 adpetendum
713 2590 842 2659 senibus
863 2610 923 2657 nec
944 2591 1014 2658 sine
1035 2611 1132 2658 causa

103 2692 311 2759 deserendum
337 2694 394 2777 sit;
425 2699 572 2776 vetatque
597 2693 795 2778 Pythagoras
821 2693 941 2761 iniussu
967 2693 1132 2779 imperato
1150 2718 1182 2768 ra

103 2798 155 2878 ris,
179 2796 211 2873 id
237 2802 286 2862 est
311 2796 373 2878 dei,
402 2796 441 2860 de
463 2796 620 2881 praesidio
646 2803 678 2861 et
703 2796 837 2864 statione
859 2796 944 2862 vitae
966 2795 1128 2863 decedere.

103 2899 226 2966 Solonis
249 2898 375 2980 quidem
397 2899 549 2982 sapientis
567 2898 703 2981 elogium
718 2904 775 2979 est,
792 2919 852 2979 quo
874 2919 909 2964 se
931 2905 1029 2982 negat
1050 2899 1131 2966 velle

103 3022 192 3068 suern
214 3009 345 3066 mortem
367 3000 473 3067 dolore
494 3002 664 3067 amicorum
687 3008 719 3066 et
740 3001 885 3068 lamentis
900 3021 1023 3067 vacare.
1047 3002 1130 3082 Volt,

103 3103 207 3187 credo,
237 3123 271 3168 se
300 3123 369 3170 esse
399 3123 507 3169 carum
536 3103 618 3188 suis;
653 3101 711 3168 sed
739 3101 825 3168 hand
855 3103 918 3169 scio
948 3123 989 3167 an
1019 3103 1130 3171 melius

103 3207 236 3272 Ennius:

103 3310 216 3374 Nemo
246 3329 301 3373 me
332 3309 508 3373 lacrumis
538 3309 689 3374 decoret
718 3329 836 3392 neque
870 3310 1003 3374 funera
1036 3309 1129 3375 fletu

205 3412 325 3479 Faxit.

102 3516 174 3580 Non
204 3520 312 3580 censet
340 3513 509 3598 lugendam
539 3534 608 3580 esse
634 3522 773 3594 mortem,
797 3534 889 3596 quam
912 3517 1130 3582 immortalitas

103 3623 319 3698 consequatur.
353 3618 422 3681 Iam
437 3636 548 3684 sensus
563 3615 715 3681 moriendi
730 3617 844 3698 aliquis
866 3637 935 3686 esse
957 3625 1069 3702 potest,
1091 3618 1128 3685 is
1148 3640 1234 3848 ul

1146 1130 1185 1186 20

1148 1204 1180 1254 ta

102 3738 164 3802 que
190 3717 231 3784 ad
259 3718 408 3801 exiguum
436 3724 569 3802 tempus,
597 3719 777 3801 praesertim
805 3719 883 3802 seni,
906 3726 1128 3805 postmortem
