2572 4088
473 137 555 191 CAP.
569 140 644 192 3-5.
663 143 677 201 ἓ
695 141 787 194 8-13.
1122 123 1142 186 5

200 310 305 376 Unus
326 310 431 376 homo
453 311 561 375 nobis
583 310 792 375 cunctando
816 311 984 376 restituit
1006 294 1089 375 rem.

200 415 368 478 Noenum
390 433 555 478 rumores
577 415 740 496 ponebat
762 421 849 478 ante
871 415 1038 479 salutern,

199 516 296 599 Ergo
308 522 465 601 postque
479 517 673 599 magisque
684 517 756 581 viri
771 537 867 581 nunc
878 517 998 600 gloria
1013 517 1138 580 claret.

110 620 284 684 Tarentum
306 640 381 685 vero
404 640 465 703 qua
486 619 659 703 vigilantia,
681 640 741 701 quo
764 620 891 685 consilio
913 619 1044 703 recepit!
1069 640 1139 684 curn
1160 640 1186 684 11

112 721 242 804 quidem
263 742 314 787 me
335 721 482 786 audiente
498 722 673 803 Salinatori,
689 723 742 804 qui
764 724 879 788 amisso
901 722 1016 807 oppido
1038 721 1140 786 fuerat

111 824 146 889 in
161 844 245 905 arce,
259 825 406 905 glorianti
420 833 515 906 atque
529 825 574 889 ita
588 823 722 889 dicenti:
750 817 841 890 ‘Mea
863 846 983 908 opera,
1000 824 1138 901 Quinte

112 928 220 1010 Fabi,
250 928 450 992 Tarentum
484 925 684 1011 recepisti,
715 923 854 1010 ‘Certe',
888 929 990 1010 inquit
1022 927 1136 1009 ridens,

113 1023 208 1095 ‘nam
240 1029 314 1095 nisi
347 1036 384 1094 tu
417 1031 624 1110 amisisses,
659 1051 857 1112 numquam
890 1026 1137 1115 recepissem'

110 1134 182 1198 Nec
204 1153 279 1198 vero
304 1134 337 1198 in
364 1134 459 1204 armis
485 1135 692 1216 praestantior
715 1154 808 1215 quam
831 1134 864 1198 in
886 1141 969 1218 toga,
993 1134 1046 1215 qui
1068 1154 1137 1198 con-

111 1237 162 1302 sul
188 1236 301 1302 iterum
323 1236 376 1320 Sp.
398 1237 534 1301 Carvilio
566 1237 687 1319 collega
717 1238 898 1318 quiescente
925 1238 960 1303 O.
982 1236 1136 1302 Flaminio

110 1339 237 1404 tribuno
259 1340 370 1423 plebis,
394 1337 497 1421 quoad
519 1340 628 1423 potuit,
651 1340 766 1404 restitit
791 1360 901 1424 agrum
921 1341 1082 1404 Picentem
1106 1346 1137 1405 et

110 1443 267 1508 Gallicum
292 1443 408 1508 viritim
435 1449 543 1507 contra
570 1449 697 1508 senatus
725 1443 941 1508 auctoritatem
972 1442 1134 1523 dividenti,

109 1565 274 1630 augurque
296 1566 366 1611 cum
393 1553 486 1627 esset,
509 1544 614 1610 dicere
639 1565 735 1611 ausus
761 1552 809 1610 est
834 1546 961 1630 optimis
987 1546 1136 1629 auspiciis

110 1669 151 1714 ea
171 1649 249 1733 geri,
272 1668 352 1731 quae
374 1669 430 1733 pro
454 1648 500 1714 rei
526 1649 672 1733 publicae
698 1649 798 1713 salute
824 1655 1021 1732 gererentur,
1054 1669 1135 1730 quae

109 1759 219 1818 contra
250 1772 317 1817 rem
350 1752 508 1836 publicam
541 1752 708 1833 ferrentur,
740 1759 848 1816 contra
879 1753 1021 1835 auspicia
1049 1752 1133 1818 ferri.

108 1857 208 1921 Multa
228 1855 262 1920 in
284 1876 321 1921 eo
344 1856 410 1920 viro
432 1855 593 1938 praeclara
615 1856 764 1938 cognovi3
792 1853 848 1919 sed
870 1855 948 1919 nihil
969 1854 1135 1921 admirabi-
1154 1869 1184 1916 12

108 1959 178 2039 lius,
201 1978 296 2040 quam
318 1978 381 2040 quo
403 1957 495 2022 modo
517 1958 569 2022 ille
590 1965 721 2022 mortem
744 1957 799 2021 filii
822 1958 901 2038 tulit,
925 1958 999 2021 clari
1022 1959 1080 2022 viri
1103 1965 1135 2023 et

108 2061 289 2127 consularis.
316 2061 373 2125 Est
394 2061 427 2125 in
450 2060 595 2125 manibus
617 2060 765 2140 laudatio,
781 2081 875 2142 quam
897 2080 968 2125 cum
990 2061 1133 2144 legimus,

107 2184 202 2246 quem
224 2163 443 2247 philosophum
464 2184 527 2227 non
550 2163 802 2228 contemnimus?
840 2165 908 2228 Nec
930 2184 1004 2229 vero
1026 2165 1078 2229 ille
1100 2166 1133 2229 in

107 2269 177 2332 luce
198 2266 291 2332 modo
312 2273 406 2348 atque
428 2267 461 2329 in
484 2267 581 2332 oculis
603 2266 718 2330 civium
737 2286 880 2350 magnus,
897 2266 954 2331 sed
975 2267 1059 2333 intus
1082 2267 1133 2334 do

106 2371 213 2452 mique
233 2368 450 2452 praestantior.
493 2366 555 2443 Qui
577 2388 687 2448 sermo,
711 2389 792 2450 quae
814 2376 992 2453 praecepta,
1016 2378 1133 2451 quanta

105 2472 218 2537 notitia
231 2471 436 2552 antiquitatis,
451 2471 583 2535 scientia
598 2472 673 2536 iuris
687 2471 822 2554 augurii!
846 2473 963 2536 Multae
978 2473 1082 2554 etiam,
1098 2479 1133 2537 ut

105 2575 138 2639 in
154 2573 281 2639 homine
296 2574 446 2653 Romano,
461 2573 599 2656 litterae3
623 2573 728 2637 omnia
746 2574 896 2638 memoria
918 2575 1047 2640 tenebat
1068 2597 1130 2640 non

105 2676 278 2741 domestica
291 2677 401 2755 solum,
417 2675 473 2739 sed
489 2677 582 2739 etiam
606 2683 737 2739 externa
759 2676 849 2740 bella.
879 2677 974 2742 Cuius
989 2698 1131 2743 sermone

105 2781 150 2844 ita
176 2777 290 2862 cupide
311 2778 448 2857 fruebar,
476 2786 551 2843 tunc
578 2779 667 2860 quasi
694 2779 757 2842 iam
784 2777 968 2859 divinarem,
992 2781 1024 2844 id
1048 2781 1132 2862 quod

104 2881 220 2960 evenit,
236 2881 288 2945 illo
308 2880 446 2945 extincto
465 2880 541 2960 fore,
559 2879 641 2944 unde
661 2880 824 2960 discerem,
839 2881 1007 2949 neminem.

103 3003 158 3049 sus
178 2982 275 3066 igitur
297 2982 376 3048 haec
397 2988 462 3046 tarn
489 2983 587 3046 multa
614 2981 653 3045 de
676 2983 837 3046 Maximo?
883 2982 966 3059 Quia
991 3005 1013 3068 p
1042 3052 1047 3059 ,

103 3085 220 3151 videtis
238 3085 329 3150 nefas
348 3104 417 3149 esse
436 3085 521 3148 dictu
540 3085 685 3149 miseram
704 3085 801 3150 fuisse
816 3086 910 3150 talem
926 3107 983 3151 sen
1030 3158 1034 3165 ,

103 3189 173 3252 Nec
199 3193 304 3251 tamen
331 3207 440 3251 omnes
466 3192 597 3270 possunt
626 3207 695 3252 esse
716 3186 879 3273 Scipiones
908 3195 962 3252 aut

102 3295 139 3354 ut
153 3289 276 3354 urbium
292 3289 552 3372 expugnationes,
568 3296 603 3352 ut
621 3288 747 3373 pedestr
768 3372 771 3377 Ι

102 3397 138 3456 ut
160 3391 243 3456 bella
264 3411 285 3454 a
306 3410 342 3455 se
362 3399 462 3474 gesta,
478 3396 513 3455 ut
535 3390 708 3474 triumphos

103 3493 209 3574 quiete
232 3498 264 3557 et
285 3513 362 3576 pure
384 3500 478 3574 atque
501 3493 661 3576 eleganter

102 3594 184 3659 lenis
210 3601 365 3674 senectuS,
394 3594 517 3676 qualem
543 3595 724 3679 accepimus

103 3696 294 3782 octogesimo
316 3716 400 3762 anno
421 3698 562 3762 scribens
584 3705 632 3762 est
654 3717 686 3762 m
