2572 4088
101 142 142 204 26
341 158 440 214 CATO
458 159 578 216 MAIOR
596 163 645 216 DE
664 162 883 221 SENECTUTE.

100 335 133 394 tu
162 330 195 394 in
223 332 396 416 expectatis
425 333 467 397 ad
498 334 721 418 amplissimam
752 335 939 420 dignitatem
969 341 1132 423 fratribus,

100 430 214 517 Scipio,
238 439 370 500 mortem
391 434 476 500 omui
497 437 594 501 aetati
617 456 687 505 esse
709 457 914 506 communem.
961 444 1003 508 At
1025 454 1134 528 sperat

99 534 285 602 adulescens
304 536 358 602 diu
378 538 592 621 stricturum,
608 539 692 622 quod
707 561 833 626 sperare
853 541 936 608 idem
950 564 1049 610 senex
1065 566 1131 611 nou

99 645 210 722 potest.
234 639 424 724 Insipienter
445 648 559 725 sperat.
606 641 690 720 Quid
714 645 797 709 euim
821 646 946 711 stultius
969 667 1064 728 quam
1086 649 1132 712 in-

100 747 186 807 certa
211 761 267 826 pro
294 744 387 809 certis
413 743 540 825 habere,
563 745 645 810 falsa
666 766 722 830 pro
744 747 853 812 veris?
897 749 939 812 At
961 769 1061 814 senex
1089 770 1132 815 ne

100 843 184 927 quod
199 851 303 928 speret
319 844 445 928 quidem
468 845 572 912 habet.
601 846 643 913 At
665 855 714 914 est
736 868 772 914 eo
795 849 923 916 meliore
946 850 1132 918 condicione

99 967 193 1029 quam
215 947 411 1030 adulescens,
432 968 502 1014 cum
524 948 567 1031 id,
590 949 673 1033 quod
695 951 748 1016 ille
770 958 885 1036 sperat,
909 951 961 1017 hic
983 970 1131 1020 consecu-

49 1064 82 1114 ss
99 1056 150 1115 tus
171 1049 229 1136 sit3
251 1050 304 1116 ille
326 1050 394 1115 vult
415 1049 470 1116 diu
491 1052 609 1133 vivere,
632 1052 685 1118 hic
706 1052 761 1118 diu
784 1053 874 1119 vixit.
920 1053 1130 1138 Quamquam,

99 1173 118 1218 o
148 1152 180 1217 di
209 1153 300 1219 boni!
332 1153 408 1235 quid
438 1161 486 1220 est
514 1155 547 1218 in
577 1153 712 1220 bominis
737 1157 804 1220 vita
829 1156 1036 1222 diuturnum?
1080 1160 1132 1224 Da

99 1256 184 1321 enim
206 1275 386 1339 supremum
412 1262 546 1341 tempus,
569 1265 773 1343 expectemus
794 1259 1022 1325 Tartessiorum
1045 1262 1131 1345 regis

98 1364 235 1423 aetatem
251 1357 323 1445 (fuit
345 1359 439 1440 enim,
459 1368 494 1424 ut
516 1361 664 1444 seriptum
687 1360 790 1444 video,
806 1362 1043 1446 Arganthonius
1065 1366 1131 1446 qui·

63 1501 65 1505 «
99 1459 173 1526 dam
188 1460 338 1543 Gadibus,
355 1461 408 1544 qui
430 1462 591 1546 octogiuta
611 1463 793 1548 regnaverit
814 1484 915 1530 annos
937 1471 1062 1530 centum
1086 1468 1130 1531 vi·

97 1563 179 1646 giuti
205 1562 334 1647 vixerit)
356 1600 400 1611 -
421 1563 478 1629 sed
507 1564 584 1630 mibi
613 1584 654 1630 ue
683 1564 863 1630 diuturnum
892 1566 1018 1648 quidem
1047 1569 1130 1649 quic-

99 1686 192 1749 quam
216 1666 350 1744 videtur,
373 1667 406 1730 in
429 1686 491 1748 quo
514 1674 562 1734 est
582 1667 702 1750 aliquid
725 1675 910 1734 exuemum.
942 1668 1021 1734 Cum
1045 1671 1129 1734 euim

97 1767 131 1832 id
159 1768 299 1849 advenit,
321 1775 388 1834 tum
416 1768 504 1848 illud,
528 1769 611 1851 quod
642 1770 812 1854 praeteriit,
835 1770 976 1853 effluxit;
1008 1774 1131 1834 tantum

98 1878 253 1952 remanet,
285 1870 368 1953 quod
397 1871 512 1937 virtute
545 1879 577 1937 et
609 1877 694 1938 recte
727 1871 819 1938 factis
852 1879 1038 1938 consecutus
1067 1871 1131 1956 sis;

98 1974 194 2040 horae
224 1974 350 2057 quidem
381 1974 496 2040 cedunt
526 1981 557 2040 et
587 1973 656 2040 dies
686 1983 717 2040 et
745 1995 871 2040 menses
899 1980 930 2039 et
956 1975 1042 2056 anni,
1068 1996 1130 2040 neo

98 2076 298 2161 praeteritum
328 2084 454 2161 tempus
485 2097 633 2159 umquam
663 2077 842 2156 revertitur,
874 2097 945 2157 nec,
978 2077 1054 2159 quid
1084 2096 1129 2144 se-

98 2187 221 2262 quatur,
244 2179 316 2244 sciri
338 2185 460 2264 potest;
484 2179 566 2262 quod
590 2180 702 2261 cuique
725 2180 874 2264 temporis
895 2179 937 2244 ad
956 2180 1129 2247 vivendum

97 2387 229 2470 placeat,
244 2384 426 2469 peragenda
447 2383 555 2450 fabula
578 2390 634 2466 est,
650 2384 753 2466 modo,
768 2385 801 2450 iu
821 2404 1017 2467 quocumque
1035 2385 1131 2450 fuerit

98 2495 185 2570 actu,
215 2489 375 2574 probetur,
405 2495 508 2570 neque
537 2489 733 2572 sapientibus
761 2506 861 2570 usque
891 2486 933 2552 ad
963 2482 1130 2554 ‘Plaudite‘

100 2590 298 2657 veniendum.
322 2591 424 2656 Breve
443 2591 527 2655 enim
549 2598 673 2675 tempus
696 2590 810 2656 aetatis
832 2590 908 2654 satis
929 2590 1058 2673 longum
1082 2597 1131 2657 est

98 2694 141 2761 ad
162 2695 244 2760 bene
270 2694 464 2776 honesteque
487 2692 673 2778 vivendum,
705 2694 754 2760 sin
780 2693 967 2777 processerit
992 2693 1129 2776 longius,

99 2820 162 2865 non
177 2799 280 2882 magis
295 2796 463 2863 dolendum
479 2804 536 2878 est,
552 2817 647 2880 quam
661 2797 818 2882 agricolae
838 2796 945 2861 dolent
960 2797 1130 2880 praeterita

99 2901 186 2967 verni
211 2902 359 2986 temporis
381 2901 537 2966 suavitate
559 2906 711 2966 aestatem
730 2905 977 2982 autumnumque
992 2899 1128 2963 venisse.

99 3006 162 3070 Ver
188 3004 272 3070 enim
299 3011 460 3085 tamqnam
481 3003 727 3069 adulescentiam
750 3000 909 3085 significat
926 3000 1131 3084 ostenditque

99 3107 218 3171 fructus
244 3106 374 3185 futuros,
396 3105 516 3187 reliqua
540 3112 645 3170 autem
668 3112 811 3188 tempora
832 3101 1029 3167 demetendis
1052 3102 1131 3168 fruo-

49 3220 79 3267 71
99 3209 183 3275 tibus
205 3215 237 3273 et
258 3207 470 3295 percipiendis
491 3206 726 3272 accommodata·
748 3212 829 3271 suut.
867 3206 1002 3269 Fructus
1024 3211 1130 3270 auteur

100 3311 270 3377 senectutis
300 3318 357 3392 est,
388 3317 422 3374 ut
452 3331 547 3394 saepe
577 3309 654 3390 dixi,
684 3316 758 3374 ante
788 3313 947 3393 partorum
978 3308 1130 3372 bonorum

101 3415 250 3479 memoria
272 3421 303 3479 et
325 3413 424 3498 copia.
468 3413 582 3479 Omnia
603 3419 719 3493 autem,
743 3431 824 3494 quae
847 3410 1018 3475 secundum
1043 3415 1131 3474 natu·

101 3536 167 3580 ram
189 3516 277 3597 fiunt,
300 3522 373 3581 sunt
395 3515 543 3581 habenda
564 3517 596 3580 iu
619 3515 718 3581 bouis.
761 3512 844 3590 erid
868 3517 1043 3578 astantem
1066 3517 1132 3576 tam

100 3617 273 3684 secundnm
303 3624 446 3682 naturam
476 3638 571 3700 quam
601 3618 730 3683 senibus
760 3616 881 3681 emori?
926 3612 1017 3690 erod
1046 3612 1131 3679 idem

78 3720 255 3806 ¹contingit
284 3718 538 3787 adulescentibus
567 3719 756 3786 adversante
786 3725 817 3784 et
850 3722 1047 3803 repugnante
1080 3733 1133 3780 na
