2572 4088
450 161 797 230 1111111111-11.
1097 144 1142 248 13·

106 336 272 401 infirmitas
295 355 460 420 puerorum
484 341 514 398 et
537 334 682 399 ferocitas
705 334 853 397 iuvenum
873 338 905 397 et
919 332 1059 417 gravitas
1072 332 1136 396 iam

109 441 280 505 constantis
305 439 419 504 aetatis
446 445 477 503 et
504 437 674 503 senectutis
699 437 864 502 maturitas
885 436 1029 501 naturale
1051 434 1137 517 quid-

109 543 180 608 dam
207 543 333 623 habeat,
357 541 440 624 quod
466 562 522 607 suo
544 550 685 625 tempore
707 541 827 625 percipi
849 539 973 606 debeat.
1018 538 1137 604 Audire
1155 557 1187 604 14

109 652 139 710 tc
171 647 313 727 arbitror,
341 646 455 730 Scipio,
481 645 597 729 hospes
626 652 697 710 tuus
725 645 830 709 avitus
858 643 1027 709 Masinissa
1056 661 1137 724 quae
1272 641 1273 644 ’

109 748 205 814 111111
226 748 320 814 hodie
342 749 516 833 nonaginta
537 753 629 813 natus
655 768 772 831 annos;
801 767 871 811 eum
895 747 1056 829 ingressus
1077 744 1137 808 iter

110 851 242 935 pedibus
258 853 307 932 sit,
323 853 356 915 in
376 872 490 932 equum
513 852 640 916 omnino
662 871 725 914 non
747 849 929 930 ascendere,
945 868 1016 913 cum
1031 854 1137 912 autem

110 974 197 1036 equo,
217 975 258 1019 ex
281 974 361 1037 equo
384 975 446 1018 non
469 953 670 1035 descendere,
690 954 775 1017 nullo
796 954 899 1033 imbri,
914 952 999 1018 nullo
1022 951 1136 1033 frigore

108 1056 232 1138 adduci,
255 1063 290 1120 ut
316 1057 419 1140 eapite
445 1062 553 1140 operto
579 1056 628 1136 sit,
652 1076 806 1121 summam
833 1075 903 1121 esse
927 1054 962 1119 in
988 1074 1025 1118 eo
1051 1052 1136 1118 sicci-

109 1165 205 1223 tatem
238 1160 388 1243 eorporis,
422 1159 529 1240 itaque
561 1159 668 1222 omnia
702 1157 816 1240 exequi
848 1158 934 1240 regis
966 1156 1072 1223 officia
1105 1161 1137 1219 et

109 1282 247 1329 munera.
292 1263 398 1327 Potest
423 1261 519 1345 igitur
546 1262 728 1327 exercitatio
756 1268 787 1326 et
808 1260 1018 1344 temperantia
1040 1259 1135 1350 etiam

108 1364 140 1428 in
163 1372 326 1430 senectute
348 1385 533 1430 conservare
555 1364 674 1446 aliquid
695 1365 818 1448 pristini
841 1365 968 1429 roboris.

194 1469 266 1532 Non
289 1475 362 1532 sunt
383 1467 415 1530 in
439 1474 599 1532 senectute
618 1467 710 1532 vires,
734 1469 783 1531 Ne
798 1467 995 1550 postulantur
1009 1463 1135 1547 quidem
1154 1480 1184 1532 11

108 1570 191 1636 vires
220 1591 241 1634 a
269 1577 440 1636 senectute.
484 1571 568 1653 Ergo
598 1577 630 1634 et
658 1570 781 1653 legibus
811 1575 843 1634 et
867 1569 1018 1634 institutis
1043 1574 1137 1632 vacat

108 1680 196 1737 aetas
218 1679 325 1738 nostra
347 1673 528 1737 muneribus
551 1673 598 1753 iis,
623 1692 704 1754 quae
727 1692 789 1735 non
816 1678 947 1756 possunt
972 1671 1040 1736 sine
1065 1670 1136 1734 viri-

108 1776 166 1841 bus
182 1776 337 1841 sustineri.
361 1777 472 1857 ltaque
494 1796 556 1839 non
580 1774 681 1855 modo,
698 1774 781 1857 quod
802 1766 866 1838 non
888 1793 1063 1858 possumus,
1079 1771 1135 1837 sed
1223 1859 1225 1863 Ι

108 1899 147 1943 ne
178 1885 329 1960 quantum
359 1898 525 1960 possumus
555 1878 681 1961 quidem
711 1878 859 1960 cogimur.
904 1877 947 1940 At
973 1875 1061 1939 multi
1091 1875 1136 1938 ita
1153 1895 1185 1943 35

108 1987 181 2045 sunt
209 1980 347 2045 inbecilli
379 2000 480 2061 senes,
503 1987 538 2044 ut
563 1980 682 2044 nullum
707 1979 804 2044 officii
826 1986 881 2043 aut
903 1979 1029 2043 omnino
1050 1977 1134 2041 vitae

107 2103 221 2147 munus
242 2083 358 2163 exequi
380 2083 509 2166 possint.
554 2083 596 2147 At
617 2081 650 2146 id
673 2082 800 2163 quidem
822 2102 886 2146 non
908 2081 1067 2164 proprium
1090 2099 1134 2144 se·

107 2185 242 2250 nectutis
260 2185 371 2249 vitium
394 2191 450 2266 est,
466 2184 523 2249 sed
546 2205 709 2250 commune
729 2183 927 2249 valetudinis.
952 2182 1052 2258 Quam
1076 2182 1136 2246 fuit

107 2288 271 2353 inbecillus
297 2288 331 2350 P.
348 2287 489 2351 Africani
519 2287 611 2368 filius,
642 2288 669 2352 is
699 2287 752 2370 qui
781 2293 813 2352 te
842 2285 1015 2369 adoptavit,
1040 2304 1133 2366 quam

106 2391 193 2454 tenui
219 2395 274 2453 aut
299 2389 386 2452 1111111
406 2390 509 2473 potius
532 2388 730 2454 valetudine!
776 2388 868 2465 Quod
890 2389 923 2452 ni
946 2388 990 2452 ita
1012 2387 1132 2468 fuisset,

106 2493 238 2556 alterum
253 2490 330 2555 illud
345 2492 501 2556 extitisset
516 2492 620 2556 lumen
637 2492 788 2574 eivitatis3
815 2491 856 2555 ad
871 2497 1033 2575 paternam
1050 2490 1134 2554 enim
1158 2484 1159 2487 ’

105 2593 356 2676 magnitudinem
381 2595 479 2658 animi
505 2594 646 2658 doctrina
671 2594 795 2659 uberior
820 2600 1005 2657 accesserat.
1051 2590 1135 2667 Quid

105 2697 217 2759 mirum
240 2696 336 2779 igitur
356 2697 390 2761 in
416 2697 554 2776 senibus,
579 2697 604 2762 si
631 2697 745 2761 infirmi
772 2697 835 2761 sint
860 2694 1038 2777 aliquando,
1063 2714 1133 2758 cum

104 2797 138 2861 id
160 2818 201 2863 ne
227 2799 445 2864 adulescentes
471 2799 598 2880 quidem
624 2799 763 2882 effugere
784 2798 934 2883 possint?
977 2797 1134 2862 Resisten-

106 2900 194 2980 dum,
221 2901 309 2965 Laeli
339 2908 370 2965 et
395 2901 515 2985 Scipio,
543 2903 694 2968 senectuti
726 2908 787 2982 est,
815 2902 943 2983 eiusque
966 2900 1043 2963 vitia
1069 2899 1134 2963 dili-

104 3003 214 3085 gentia
236 3003 470 3087 compensanda
491 3011 579 3087 sunt;
611 3003 813 3087 pugnandum
841 3010 1000 3085 tamquam
1027 3009 1135 3067 eontra

104 3105 282 3169 morborum
298 3107 362 3170 vim
378 3107 423 3171 sic
439 3113 546 3172 eontra
562 3114 768 3172 senectutem:
797 3105 944 3171 habenda
958 3105 1036 3170 ratio
1053 3105 1133 3169 vale·
1152 3126 1184 3174 36

104 3206 234 3286 tudinis,
265 3207 415 3272 utendum
446 3210 721 3274 exercitationibus
750 3209 890 3289 modieis,
920 3214 1042 3272 tanturn
1073 3207 1134 3272 eibi

105 3317 136 3372 et
162 3310 297 3392 potionis
323 3310 546 3392 adhibendum,
569 3319 603 3375 ut
629 3312 807 3376 reficiantur
828 3312 921 3391 vires,
944 3331 1008 3374 non
1034 3311 1134 3394 oppri-

104 3419 238 3474 mantur.
269 3412 337 3476 Nee
360 3433 434 3478 vero
458 3415 577 3496 corpori
599 3415 698 3479 solum
722 3413 973 3478 subveniendum
996 3420 1053 3493 est,
1077 3412 1133 3477 sed

104 3514 203 3576 menti
225 3519 320 3594 atque
342 3517 446 3580 animo
469 3518 565 3581 multo
588 3518 704 3601 magis3
728 3539 802 3581 nam
825 3517 903 3580 haec
923 3536 1056 3597 quoque,
1073 3516 1133 3580 nisi

105 3621 266 3696 tamquam
289 3617 399 3681 lumini
421 3621 523 3684 oleum
546 3621 687 3700 instillas,
712 3621 938 3702 extinguuntur
961 3626 1069 3684 scneet
1091 3626 1131 3683 te.

104 3716 146 3778 Et
169 3737 297 3800 corpora
320 3720 446 3800 quidem
470 3723 728 3786 exercitationum
744 3721 971 3805 defatigatione
991 3723 1133 3804 ingrave-
1239 3720 1262 3847 ⁴
