2572 4088
345 177 349 181 ’
444 171 649 229 erano-aa
667 174 804 237 111-11.
1095 153 1138 218 19

112 341 216 423 vitam,
239 363 321 425 quae
342 352 391 409 est
411 346 480 410 sola
500 347 567 410 vita
588 345 789 410 nominanda
817 347 910 412 Nam.
933 345 1009 410 dum
1030 363 1138 411 sumus

112 444 221 515 inclusi
246 447 281 510 in
307 446 356 523 his
377 448 584 532 compagibus
607 448 753 533 corporis,
776 468 906 513 munere
928 448 1064 531 quodam
1086 466 1138 512 ne

112 548 264 633 1111111111
285 556 318 613 11
339 550 429 631 gravi
454 569 549 634 opere
576 550 809 636 perfungimur;
839 558 888 617 est
909 550 994 615 enim
1014 551 1138 615 animus

112 651 253 716 caelestis
283 671 325 716 cx
354 652 507 719 altissimo
537 653 694 720 domicilio
724 655 891 740 depressus
921 662 953 719 et
974 653 1064 735 quusi
1086 651 1138 717 de

111 772 229 819 mersus
253 754 288 818 in
315 762 439 836 terram,
461 756 563 820 locum
590 756 718 821 divinae
745 763 876 822 naturae
897 755 1137 837 aeternitatique

111 858 306 923 contrarium.
334 857 398 925 Sed
420 858 514 925 credo
535 859 614 927 deos
635 860 816 927 inmortales
840 860 993 945 sparsisse
1014 859 1137 924 animos

111 960 142 1027 in
163 980 294 1046 serpere
314 961 462 1044 hnmana,
485 971 521 1027 ut
543 970 658 1046 essent,
682 965 736 1046 qui
757 970 857 1030 terras
879 971 1049 1043 tuerentur,
1072 962 1137 1046 qui-

110 1082 169 1146 que
196 1065 377 1131 caelcstium
404 1065 546 1132 ordinem
573 1069 821 1152 contemplantes
847 1067 1043 1133 imitarentur
1064 1085 1135 1131 euni

110 1166 192 1231 vitae
222 1167 315 1234 modo
343 1177 439 1250 atque
469 1171 845 1237 constantiensem
872 1171 971 1236 solum
997 1168 1077 1235 ratic
1097 1188 1136 1235 ac

110 1268 277 1354 disputatio
299 1271 431 1356 impulit,
453 1279 490 1337 ut
514 1273 560 1337 ita
586 1272 755 1354 crederem,
778 1272 834 1339 sed
865 1273 1012 1339 nobilitas
1041 1271 1135 1337 etiam

109 1392 298 1440 summorum
312 1373 566 1460 pbilosophorum
582 1383 615 1441 11
628 1377 805 1442 auctoritas.
829 1375 1005 1442 Audiebam
1022 1374 1136 1459 Pytha·
1154 1389 1186 1438 11

108 1484 215 1560 goram
246 1477 540 1561 Pythagorecsque,
571 1479 691 1544 incolas
724 1499 826 1564 paene
856 1486 986 1559 nostros,
1010 1479 1063 1562 qui
1091 1497 1136 1545 ee

108 1587 179 1647 sent
198 1580 301 1646 Italici
323 1579 502 1665 philosophi
524 1581 682 1664 quondam
705 1583 866 1664 nominati,
889 1602 1059 1665 numquam
1082 1581 1135 1648 du-

108 1683 235 1765 bitasse,
251 1683 327 1766 quin
345 1704 387 1749 cx
411 1683 560 1750 universa
580 1691 687 1750 mente
710 1685 818 1750 divina
839 1683 992 1750 delibatos
1014 1685 1136 1750 animos

107 1785 302 1852 haberemus.
346 1787 653 1853 Demonstrabantur
677 1787 755 1851 mihi
782 1795 954 1871 praetcrea,
977 1785 1134 1870 1111181-

108 1895 207 1954 crates
230 1909 375 1974 supremo
397 1891 482 1955 vitoe
504 1889 556 1955 dic
578 1890 619 1955 de
641 1890 863 1957 inmortalitate
881 1890 1054 1957 animorum
1075 1889 1134 1956 dis.

107 1991 267 2073 seruisset,
297 1993 326 2058 is
354 1994 408 2076 qui
439 2000 522 2060 esset
555 1994 694 2059 omnium
727 1993 978 2077 sapientissimus
1010 1995 1134 2059 oraculo

106 2095 259 2181 Apollinis
285 2095 449 2163 iudicatus.
495 2095 579 2173 Quid
601 2096 722 2161 multa?
750 2097 796 2162 sio
818 2096 958 2180 persuasi
980 2094 1067 2178 mihi,
1090 2096 1135 2162 sic

106 2198 216 2278 sentio,
239 2218 309 2263 cum
331 2205 420 2263 tanta
442 2199 586 2265 celeritas
607 2200 779 2265 animorum
803 2200 852 2281 sit,
876 2206 964 2264 tanta
987 2199 1136 2265 memoria

104 2301 343 2385 praeteritorum
369 2300 605 2385 futurorumque
630 2301 806 2387 prudentia,
834 2310 881 2369 tot
906 2311 1000 2383 artes,
1027 2308 1134 2368 tantae

105 2403 265 2485 scientiae,
285 2409 331 2469 tot
353 2404 492 2485 inventa,
510 2425 574 2470 non
597 2425 689 2490 posse
713 2425 781 2470 cam
804 2413 958 2487 naturam,
981 2424 1134 2489 quaeres

106 2525 160 2571 eas
191 2506 361 2587 contineat,
389 2526 458 2573 1111
487 2508 659 2590 mortalem,
683 2527 816 2591 cumque
845 2527 970 2591 semper
998 2507 1134 2592 agitetur

104 2608 229 2673 animus
255 2629 315 2674 1111
340 2609 528 2694 principium
553 2617 657 2677 motus
679 2610 804 2692 habeat,
827 2611 902 2693 qnia
924 2629 958 2675 11
980 2610 1047 2695 ipse
1071 2631 1132 2679 mo·

104 2718 188 2792 seat,
204 2731 245 2776 ne
266 2711 361 2777 finem
385 2712 511 2795 quidem
533 2712 711 2777 habiturum
733 2732 803 2779 esse
824 2719 937 2793 motus,
954 2713 1028 2795 quia
1046 2733 1133 2780 num·

104 2833 199 2896 quam
222 2833 256 2880 se
278 2815 347 2899 ipse
369 2815 411 2881 sit
431 2815 604 2896 relicturus,
621 2822 662 2895 et,
682 2834 752 2880 cum
775 2815 909 2900 simplex
931 2817 1027 2881 animi
1050 2823 1134 2883 11111

104 2923 219 2982 natura
245 2936 349 3000 neque
375 2917 506 2985 baberet
527 2919 560 2983 in
583 2939 617 2984 se
640 2919 806 3000 quicquam
829 2918 1003 2983 admixtum
1026 2918 1133 3004 dispar

104 3020 155 3086 sui
176 3026 272 3103 atque
294 3020 454 3102 dissimile,
477 3041 540 3086 non
562 3041 655 3105 posse
678 3041 749 3085 eum
771 3021 887 3106 dividi;
915 3021 998 3105 quod
1021 3023 1047 3088 si
1070 3044 1133 3091 non

104 3130 220 3207 posset,
249 3143 313 3190 uon
343 3143 437 3208 posse
465 3123 612 3208 interire;
643 3144 821 3208 magnoque
850 3144 920 3191 1111
948 3134 1133 3210 argumento
1246 3134 1250 3142 “

104 3224 248 3292 homines
274 3226 354 3293 scire
379 3227 529 3311 pleraque
555 3234 638 3307 ante,
662 3246 755 3309 quam
781 3228 941 3308 natisint,
965 3227 1132 3310 quodiam

104 3329 203 3414 pueri,
231 3349 302 3393 oum
332 3337 416 3395 artes
442 3328 588 3395 difficiles
614 3328 747 3410 discant,
775 3331 819 3394 ita
846 3331 987 3396 celeriter
1013 3351 1063 3396 res
1089 3331 1133 3395 in·

104 3431 315 3503 numerabiles
342 3431 504 3515 arripiant,
526 3437 561 3496 ut
583 3451 638 3497 eas
661 3452 724 3496 non
746 3439 812 3496 tum
834 3433 967 3516 primum
990 3435 1133 3517 accipere

104 3533 281 3615 videantur,
297 3533 354 3599 sed
376 3534 533 3600 reminisci
556 3541 588 3599 11
608 3533 774 3600 recordari.
801 3536 889 3600 Haec
904 3536 1041 3601 Platonis
1055 3536 1131 3602 fere.

104 3635 200 3721 Apud
229 3636 472 3721 Xenophontem
502 3644 606 3702 autem
635 3638 773 3703 moriens
799 3636 900 3720 Cyrus
929 3638 1026 3704 maior
1055 3522 1204 3848 med

105 3737 197 3811 dicit:
220 3732 570 3821 ι11111111111111111,
594 3761 611 3803 o
634 3739 723 3804 mihi
747 3740 933 3806 carissimi
954 3739 1028 3831 silf·
