2572 4088
127 142 169 207 30
369 157 467 213 CATO
485 156 606 214 MAIOR
622 157 672 212 Du
690 159 911 217 SENECTUTE.

128 353 205 397 oum
240 354 259 396 a
292 333 400 398 vobis
437 332 662 414 discessero,
698 354 877 417 nusquam
914 345 978 402 aut
1014 342 1158 407 nulium

127 435 215 500 fore.
264 436 341 500 Nec
370 436 481 516 enim,
511 435 599 500 dum
629 456 727 502 eram
757 439 963 522 vobiscum,
994 443 1160 508 animum

127 558 243 603 meum
266 538 470 618 videbatis,
490 537 555 603 sed
577 559 657 605 eum
680 558 761 606 esse
783 541 820 604 in
844 540 911 607 hoo
934 562 1088 628 corpore
1112 566 1158 611 ex

127 642 174 706 iis
195 642 320 722 rebus,
344 661 436 723 quas
456 641 644 725 gerebam,
668 643 962 728 intellegebatis.
991 647 1159 713 Eundem

127 744 242 828 igitur
272 763 354 810 esse
384 744 580 824 creditote,
612 745 761 811 etiamsi
793 746 933 812 nullum
964 748 1158 818 videbitis.

76 863 109 910 so
128 848 203 913 Neo
222 867 308 912 vero
331 848 513 911 clarorum
535 847 696 913 virorum
717 856 802 932 post
823 857 974 916 mortem
997 851 1159 920 honores

127 957 401 1035 permanerent,
425 951 456 1015 si
483 951 576 1015 nihil
604 971 727 1017 eornm
754 953 917 1036 ipsorum
939 955 1053 1020 animi
1077 956 1159 1022 effi-

127 1062 270 1136 cerent,
309 1075 378 1136 quo
416 1054 557 1119 diutius
593 1056 804 1120 memoriam
841 1057 898 1122 sui
934 1064 1157 1126 teneremus.

127 1159 216 1224 Mihi
253 1157 401 1240 quidem
439 1177 634 1240 numquam
672 1159 892 1243 persuaderi
929 1162 1052 1249 potuit
1085 1164 1158 1229 ani-

126 1283 217 1343 mos,
248 1262 332 1326 dum
360 1262 398 1324 in
432 1261 649 1344 corporibus
683 1271 809 1328 esseut
842 1264 1077 1347 mortalibus,
1110 1266 1159 1331 vi-

127 1385 227 1446 vere,
251 1385 331 1430 curn
361 1365 618 1430 excessissent
647 1383 691 1428 ex
723 1366 791 1446 eis,
815 1367 943 1448 emori,
971 1387 1039 1432 nec
1068 1387 1158 1435 vero

126 1475 200 1533 tum
223 1468 385 1532 animum
408 1485 489 1532 esse
511 1467 769 1551 insipientem,
790 1488 868 1533 cum
891 1489 936 1535 ex
958 1469 1158 1556 insipienti

127 1590 280 1654 corpore
299 1569 500 1651 evasisset,
520 1568 585 1634 sed
608 1590 687 1635 cum
710 1571 808 1636 omni
830 1571 1063 1641 admixtione
1086 1594 1158 1640 eor·

126 1675 227 1760 poris
257 1674 440 1738 liberatus
469 1693 583 1758 purus
612 1681 648 1738 et
676 1674 826 1758 integer
852 1695 935 1740 esse
958 1677 1157 1760 coepisset,

127 1785 202 1842 tum
232 1797 314 1842 esse
344 1777 562 1859 sapientem.
607 1777 729 1859 Atque
756 1778 867 1843 etiam
894 1797 973 1843 cum
995 1777 1158 1845 hominis

128 1887 262 1946 natura
292 1886 409 1945 morte
438 1877 677 1961 dissolvitur,
701 1886 908 1945 ceterarum
934 1901 1056 1947 rerum
1082 1904 1158 1968 per-

127 1984 295 2069 spicuum
318 1989 375 2048 est
398 2003 468 2064 quo
491 2002 661 2065 quaeque
685 1982 858 2048 discedat
880 1983 1034 2068 (abeunt
1061 1986 1157 2051 enirn

127 2089 216 2152 illuc
243 2087 378 2167 omnia,
405 2085 502 2151 unde
529 2094 610 2151 orta
641 2085 754 2172 sunt),
781 2087 926 2153 animus
952 2095 1076 2154 autem
1108 2109 1158 2155 so·

127 2193 197 2271 lus,
227 2209 296 2255 nec
326 2209 405 2253 oum
435 2188 542 2253 adest
572 2209 640 2253 nec
670 2209 748 2253 oum
779 2188 956 2272 discedit,
989 2199 1155 2275 apparet.

74 2314 106 2361 81
127 2297 203 2359 Iam
237 2313 323 2358 vero
356 2292 497 2357 videtis
530 2292 624 2356 nihii
658 2311 740 2357 esse
780 2292 890 2357 morti
924 2300 996 2357 tam
1034 2293 1158 2359 simile

131 2418 237 2479 quam
252 2416 424 2461 somnum.
449 2395 561 2477 Atqui
580 2394 843 2461 dormientium
861 2395 976 2460 animi
997 2398 1158 2464 maxime

126 2501 322 2565 declarant
355 2497 596 2564 divinitatem
626 2518 744 2583 suam3
779 2498 899 2563 multa
932 2499 1043 2580 enim,
1079 2521 1157 2566 cum

125 2603 274 2669 remissi
309 2607 344 2666 et
374 2601 485 2666 liberi
516 2609 618 2683 sunt,
649 2602 774 2667 futura
805 2603 1050 2687 prospiciunt.
1103 2604 1158 2669 Ex

75 2693 79 2699 ’
126 2727 196 2789 qno
215 2705 467 2787 intellegitur,
486 2705 616 2787 quales
634 2705 751 2770 futuri
774 2706 863 2786 sint,
884 2725 962 2771 cum
985 2725 1024 2771 se
1045 2707 1158 2790 plane

127 2827 324 2892 corporum
347 2807 511 2871 vinculis
536 2809 807 2873 relaxaverint.
854 2807 988 2892 Quare,
1012 2807 1043 2873 si
1066 2808 1159 2874 haec

126 2914 179 2977 ita
201 2919 298 2992 sunt,
315 2910 369 2975 sic
392 2930 446 2974 me
470 2905 643 2990 nolitote‘,
659 2911 770 2992 inquit,
786 2904 836 2975 ‘ut
857 2910 981 2991 deum;
1005 2912 1063 2977 sin
1086 2932 1159 2977 una

127 3021 183 3080 est
212 3013 434 3078 interiturus
464 3012 612 3078 animus
642 3033 720 3077 cum
751 3033 919 3096 corpore,
942 3033 1008 3079 vos
1034 3021 1158 3079 tamen

126 3117 215 3183 deos
237 3124 426 3197 verentes,
451 3117 510 3197 qui
541 3115 637 3181 hanc
667 3136 809 3182 omnem
839 3115 1158 3199 pulchritudinem

126 3228 279 3285 tuentur
306 3225 341 3282 et
368 3226 516 3302 regunt,
539 3220 751 3284 memoriam
778 3219 898 3283 nostri
921 3219 981 3302 pie
1003 3219 1159 3285 inviola-

74 3288 236 3410 ffiteque
258 3318 485 3387 servabitis.³
530 3322 632 3405 Cyrus
655 3321 781 3404 quidem
804 3321 883 3387 haec
905 3323 1058 3407 moriens;
1090 3341 1157 3402 ncs,

126 3428 153 3493 si
174 3427 287 3511 placet,
308 3432 414 3490 nostra
435 3425 608 3491 videamus.
640 3427 741 3492 Nemo
764 3445 912 3508 umquam
935 3425 1021 3510 mihi,
1042 3424 1158 3510 Scipio,

127 3528 329 3614 persuadebit
361 3536 416 3593 aut
446 3536 567 3612 patrem
598 3535 685 3593 tuum
717 3529 847 3593 Panium
877 3535 932 3592 aut
963 3528 1041 3594 duos
1071 3530 1157 3609 avos,

125 3633 258 3697 Paulum
281 3637 313 3696 et
333 3631 528 3712 Africanum,
551 3640 605 3696 aut
628 3630 768 3696 Africani
791 3638 912 3716 patrem
935 3638 991 3695 aut
1012 3636 1159 3715 patruum

20 3710 50 3840 ι
126 3742 180 3798 ant
211 3734 325 3797 multos
355 3740 552 3818 praestantes
579 3734 671 3816 viros,
701 3753 778 3815 quos
804 3752 987 3798 enumerare
1018 3752 1081 3797 non
1112 3740 1159 3796 est
