2572 4088
122 120 164 185 24
363 138 461 196 CATO
479 139 600 195 unios
619 141 666 195 DE
685 141 906 198 SENECTUTE.

70 291 103 411 ἐξ
121 313 307 396 voluptates.
355 312 420 380 sed
450 314 482 378 in
513 315 597 379 omni
627 315 766 380 oratione
793 322 982 383 mementote
1004 337 1076 382 eam
1103 337 1155 382 me

120 423 313 483 senectutem
329 416 467 497 laudere,
484 437 565 500 quae
587 417 802 485 fundamentis
823 418 1057 485 adulescentiae
1081 430 1152 484 con

120 519 229 585 stituta
250 520 299 586 sit.
345 521 394 584 Ex
418 540 479 602 qno
502 519 646 602 efficitur,
668 520 807 604 idquod
830 541 889 607 ego
915 542 1032 608 magno
1054 542 1152 605 quon·

120 621 194 688 dam
223 642 294 687 curn
323 622 461 688 adsensu
489 623 629 688 omnium
658 622 736 706 dixi,
752 625 913 690 miseram
943 645 1012 692 esse
1045 644 1153 690 senec·

120 731 228 806 tutem,
245 745 326 808 quae
348 744 383 792 se
405 726 545 791 oratione
568 725 761 794 defenderet.
789 728 861 793 Non
878 728 949 793 cani
971 747 1032 794 nec
1053 747 1153 814 rugae

119 836 249 913 repente
274 829 490 895 anctoritatem
517 831 655 914 arripere
681 838 822 915 possunt,
846 829 903 896 sed
925 831 1056 896 honeste
1079 837 1154 897 acta

69 947 102 995 os
120 932 261 1016 superior
281 938 370 998 aetas
392 932 510 999 fructus
533 933 618 1017 capit
638 934 833 1000 auctoritatis
855 941 1022 1000 extremos.
1062 935 1153 1000 Haec

120 1035 204 1101 enim
232 1036 302 1119 ipsa
331 1041 404 1101 sunt
433 1035 637 1117 honorabilis,
667 1056 749 1118 quae
775 1035 923 1102 videntur
948 1036 1033 1102 levia
1054 1043 1153 1120 atque

120 1138 305 1219 communia,
337 1138 475 1220 salutari,
505 1137 622 1222 adpeti,
653 1138 774 1221 decedi,
798 1139 934 1224 adsurgi,
958 1139 1083 1221 deduci,
1106 1160 1151 1205 re

119 1242 201 1322 duci,
232 1242 368 1325 consuli;
398 1262 479 1324 qnae
509 1248 540 1307 et
566 1242 651 1327 apud
674 1263 731 1309 nos
754 1243 840 1309 etin
866 1243 937 1310 aliis
959 1243 1151 1324 civitatibus,

120 1353 154 1411 ut
181 1366 323 1428 quaeque
350 1346 466 1430 optime
493 1353 613 1411 morata
639 1353 696 1428 est,
719 1347 763 1411 ita
786 1345 1025 1432 dihgentissime
1047 1347 1150 1414 obser·

43 1449 44 1452 ’
93 1455 240 1514 ‘vantur
290 1449 488 1533 Lysandrum
516 1449 815 1532 Lacedaemonium,
847 1450 935 1516 cuius
964 1449 1058 1518 modo
1088 1450 1151 1516 leci

119 1552 319 1634 mentionem,
335 1552 438 1618 dicere
456 1553 545 1618 aiunt
566 1554 690 1619 solitum
713 1553 983 1620 Lacedaemonem
1006 1574 1075 1620 esse
1098 1554 1150 1621 ho·

120 1656 330 1722 mestissimum
358 1655 549 1722 domicilium
577 1657 765 1740 senectutis3
798 1677 953 1740 nusquam
976 1658 1061 1722 enim
1083 1663 1150 1723 tan·

120 1765 185 1823 tum
215 1759 361 1824 tribuitur
389 1760 495 1840 aetati,
523 1779 677 1842 nusquam
707 1766 755 1824 est
784 1767 930 1826 senectus
958 1760 1151 1827 honoratiorf

120 1861 202 1938 Quin
230 1863 324 1928 etiarn
351 1863 519 1929 memoriae
546 1862 701 1947 proditum
728 1869 785 1946 est,
813 1863 1045 1930 cnm-Athenis
1066 1863 1150 1929 ludis

119 1965 247 2048 quidam
273 1966 306 2030 in
332 1966 488 2031 theatrum
514 1965 644 2050 grandis
670 1973 745 2031 natu
769 1966 918 2049 venisset,
942 1988 1057 2053 magno
1081 1987 1151 2033 con·

119 2088 208 2134 sessu
222 2070 324 2134 locum
340 2089 494 2152 nusquam
511 2069 540 2135 ei
556 2069 663 2135 datum
679 2090 699 2134 a
714 2070 779 2136 suis
793 2069 933 2155 civibns;
958 2080 1028 2136 cnm
1043 2078 1149 2136 antem

119 2172 160 2238 ad
190 2171 456 2238 Lacedaemonios
484 2173 678 2252 accessisset,
710 2173 773 2255 qni,
788 2173 901 2258 legati
914 2191 916 2198 *
931 2195 1001 2240 eum
1032 2181 1149 2255 essent,

120 2277 203 2341 certo
228 2275 262 2340 in
290 2275 357 2340 loco
388 2274 604 2357 consederant,
628 2277 861 2342 consurrexisse
891 2297 1000 2343 omnes
1030 2277 1076 2342 illi
1092 2276 1150 2342 'di-

68 2395 101 2443 or
119 2385 230 2445 cuntur
253 2387 284 2444 et
306 2399 414 2444 senem
437 2398 557 2445 sessum
579 2380 744 2463 recepisse.
777 2378 899 2455 Quibus
915 2384 986 2445 'cum
1002 2401 1022 2445 a
1037 2377 1151 2447 cuncto

119 2502 267 2548 consessu
297 2482 425 2566 plausus
455 2487 539 2548 esset
567 2480 732 2566 multiplex
750 2481 865 2562 datus,
889 2481 1008 2549 dixisse
1039 2503 1080 2549 ex
1111 2484 1151 2549 iis

119 2584 276 2667 quendam
298 2584 509 2650 Athenienses
539 2584 628 2667 seire,
652 2605 733 2667 quae
764 2591 848 2650 recta
878 2592 993 2667 essent,
1017 2585 1075 2652 se'd
1106 2587 1150 2652 la·

119 2709 188 2755 cere
211 2689 301 2753 nolle.
348 2689 447 2753 Multa
468 2689 500 2752 in
523 2696 627 2755 vestro
651 2689 780 2772 collegio
803 2690 975 2773 praeclara,
999 2688 1056 2755 sed
1079 2690 1149 2770 hoc,

118 2791 158 2858 de
180 2812 242 2875 quo
264 2791 396 2875 agimus,
417 2791 449 2855 in
472 2790 590 2874 primis,
611 2789 704 2873 qnod,
727 2798 762 2855 ut
785 2792 917 2874 quisque
938 2799 1043 2857 aetate
1064 2799 1150 2857 ante

119 2894 215 2974 cedit,
249 2896 293 2959 ita
326 2894 502 2960 sententiae
535 2895 743 2979 principatum
777 2902 878 2975 tenet,
912 2915 1016 2977 neque
1045 2896 1150 2962 ‘solum

118 2998 236 3064 hono‘re
264 2997 534 3079 antecedentibus,
558 2997 615 3063 sed
644 2998 684 3064 iis
714 2998 819 3080 etiam,
843 2999 895 3082 qui
923 3019 993 3064 cum
1016 2999 1151 3084 imperio

118 3107 200 3181 sunt,
231 3101 364 3166 maiores
393 3106 469 3165 natu
499 3120 634 3185 augures
664 3106 904 3185 anteponuntur.
958 3100 1047 3177 Quae
1077 3110 1151 3168 sunt

117 3191 213 3287 igitur
230 3203 406 3288 voluptates
429 3203 565 3288 corporis
588 3222 660 3269 cum
680 3204 874 3270 auctoritatis
897 3204 1045 3288 praemiis
1068 3225 1150 3270 oom-

116 3305 303 3390 parandae?
326 3307 439 3389 quibus
462 3307 514 3388 qui
538 3305 703 3391 splendide
725 3306 774 3372 usi
795 3311 878 3386 sunt,
898 3305 920 3370 ii
945 3306 1020 3371 mihi
1042 3306 1150 3372 viden-

117 3416 166 3473 tar
191 3408 331 3474 fabulam
357 3410 470 3474 aetatis
497 3410 658 3492 peregisse
685 3427 744 3475 nec
766 3415 925 3490 tamquam
949 3409 1150 3476 inexercitati

117 3512 283 3576 histriones
305 3512 338 3576 in
362 3517 501 3577 extremo
524 3518 595 3576 actu
619 3512 779 3577 corruisse.

24 3641 27 3647 ·
67 3618 100 3672 tt
203 3615 246 3678 At
268 3621 341 3680 sunt
362 3615 476 3680 morosi
498 3621 530 3680 et
551 3615 639 3679 anxii
662 3622 694 3680 et
714 3614 857 3679 iracundi
881 3622 912 3680 et
935 3615 1082 3683 difficiles
1099 3624 1151 3682 ise·

16 3668 59 3832 ἱ
118 3737 183 3783 nes.
230 3717 263 3782 Si
287 3718 474 3800 quaerimus,
497 3718 593 3782 etiarn
615 3718 719 3803 avari,
747 3717 803 3787 sed
826 3717 905 3783 haee
929 3739 1050 3784 morum
1069 3719 1152 3785 uitis
