2572 4088
398 168 480 222 cnr.
496 173 535 234 11,
549 171 589 224 ra.
608 171 746 234 sse-m
1044 156 1085 220 rt

52 343 102 408 his
125 341 238 407 studiis
265 341 484 421 laboribusque
507 340 627 404 viventi
653 360 715 405 non
741 340 933 425 intellegitur
959 342 1084 424 quando

52 446 187 529 obrepat
213 450 367 508 senectus.
412 444 462 507 lta
484 443 601 507 sensim
623 442 692 507 sine
718 462 812 508 sensu
838 451 926 510 aetas
949 445 1085 511 senescit

53 566 113 612 nec
136 547 239 612 subito
261 545 425 629 frangitur,
449 544 507 610 sed
528 545 733 612 diuturnitate
756 547 958 630 extinguitur.

141 650 289 732 Sequitur
310 648 402 713 tertia
423 648 612 732 vituperatio
635 650 814 730 senectutis,
838 649 922 732 quod
943 670 1013 716 eam
1037 671 1086 716 ca·
1103 629 1139 752 ἐξ

55 771 123 816 rere
146 750 255 816 dicunt
277 751 498 835 voluptatibus.
544 749 571 816 Ο
593 751 788 836 praeclarum
819 772 932 819 munus
960 753 1084 835 acatis,

56 854 210 936 siquidem
232 853 266 918 id
288 853 391 918 aufert
411 874 432 917 a
454 854 555 937 nobis,
574 853 659 935 quod
680 860 729 919 est
750 854 784 919 in
805 853 1021 920 adnleseentia
1042 856 1086 920 vi·

56 955 273 1021 tiosissimuml
301 955 444 1039 Accipite
460 956 553 1036 enim,
570 956 679 1039 optimi
701 955 930 1038 adulescentes,
945 963 1085 1023 veterem

56 1059 227 1125 orationem
250 1057 411 1141 Archytae
432 1059 606 1140 Tarentini,
630 1059 737 1142 magni
759 1059 792 1123 in
814 1059 923 1144 primis
946 1067 978 1125 et
999 1081 1086 1146 prae

57 1161 131 1226 clari
154 1161 223 1242 viri,
247 1160 426 1242 quaemihi
450 1160 566 1225 tradita
588 1167 644 1242 est,
669 1181 739 1225 cum
769 1181 871 1227 essem
900 1162 1086 1231 adulescens

56 1264 184 1328 Tarenti
216 1283 289 1328 cum
317 1262 353 1339 Q.
371 1263 518 1328 Maximo.
564 1264 691 1328 Nullam
722 1264 935 1348 capitaliorem
964 1274 1085 1350 pestem

56 1386 148 1448 quam
181 1366 372 1450 voluptatem
404 1366 541 1450 corporis
569 1365 748 1432 hominibus
778 1367 904 1433 dicebat
928 1388 949 1433 a
974 1376 1087 1436 natura

56 1467 172 1549 datam,
196 1469 284 1533 ouius
305 1469 475 1552 voluptatis
497 1467 611 1533 avidae
632 1468 780 1535 libidines
805 1475 923 1537 temere
945 1478 977 1537 et
999 1472 1085 1538 effre·

56 1580 130 1635 nate
156 1571 198 1635 ad
220 1571 404 1655 potiendum
427 1571 640 1636 incitarentur.
686 1572 768 1636 Hinc
795 1572 915 1657 patriae
941 1573 1086 1658 proditio·
1103 1592 1137 1640 40

56 1693 122 1756 nes,
146 1674 220 1739 hinc
245 1675 568 1758 rerumpublicarum
591 1675 780 1755 eversiones,
803 1675 878 1740 hinc
900 1696 970 1740 cum
993 1677 1086 1744 hosti·

56 1777 114 1842 bus
141 1777 339 1842 clandestina
365 1777 519 1859 colloquia
545 1777 641 1858 nasci,
665 1778 785 1841 nullum
812 1777 947 1862 denique
973 1781 1084 1861 scelus,

57 1879 173 1944 nullum
200 1880 316 1943 malum
343 1879 467 1944 facinus
493 1898 573 1961 esse,
596 1878 637 1944 ad
660 1879 744 1962 quod
767 1880 999 1965 suscipiendum
1023 1903 1084 1948 non

56 1980 153 2047 libido
176 1981 346 2066 voluptatis
368 1981 551 2066 impelleret,
575 1989 683 2066 stupra
709 2003 784 2048 vero
810 1990 841 2048 et
870 1983 1025 2051 adulteria
1054 1995 1086 2053 et

56 2103 147 2149 omne
173 2084 235 2148 tale
262 2083 415 2168 flagitium
444 2085 539 2150 nullis
569 2085 701 2150 excitari
730 2086 800 2151 aliis
830 2086 996 2155 inlecebris
1025 2089 1085 2156 nisi

56 2186 233 2270 voluptatis.
273 2187 415 2269 Cumque
437 2187 556 2252 homini
586 2188 653 2253 sive
684 2195 796 2253 natura
825 2189 893 2254 sive
915 2191 986 2272 quis
1008 2190 1085 2258 deus

56 2288 134 2353 nihil
165 2296 270 2354 mente
299 2290 519 2373 praestabilius
549 2289 699 2371 dedisset,
728 2290 799 2355 huic
826 2290 934 2359 divino
963 2296 1085 2360 muneri

55 2411 92 2457 ac
114 2390 197 2457 dono
220 2391 298 2456 nihil
321 2399 384 2456 tam
408 2412 477 2458 esse
499 2393 661 2458 inimicum
681 2414 774 2475 quam
793 2395 1002 2480 voluptatem3
1026 2417 1086 2463 nec
1103 2415 1134 2461 41

55 2482 139 2558 enirn
160 2492 293 2560 libidine
315 2492 498 2560 dominante
519 2496 748 2580 temperantiae
769 2497 872 2561 locum
887 2517 967 2579 esse,
982 2518 1085 2582 neque

55 2595 183 2661 omnino
212 2596 245 2660 in
275 2596 445 2680 voluptatis
475 2617 573 2681 regno
606 2597 752 2662 virtutem
783 2618 876 2682 posse
905 2601 1083 2666 consistere.

56 2696 148 2774 Quod
171 2718 232 2780 quo
254 2698 355 2782 magis
377 2700 519 2782 intellegi
540 2706 656 2785 posset,
679 2700 799 2783 fingere
824 2702 929 2766 animo
956 2702 1085 2769 iubebat

54 2807 144 2865 tanta
169 2800 332 2865 incitatum
358 2801 494 2883 aliquem
518 2802 678 2885 voluptate
705 2803 851 2886 corporis,
876 2810 992 2885 quanta
1019 2825 1085 2888 per-

55 2902 117 2986 cipi
138 2911 245 2986 posset
267 2904 423 2988 maxima,
446 2904 565 2968 nemini
589 2906 738 2970 censebat
760 2904 827 2970 iore
850 2904 988 2987 dubium,
1009 2907 1083 2990 quin

55 3012 119 3069 tam
149 3005 213 3085 diu,
237 3005 312 3069 dum
342 3007 387 3070 ita
415 3005 577 3087 gauderet,
604 3007 683 3071 nihil
714 3007 837 3091 agitare
866 3015 979 3090 mente,
1006 3010 1084 3075 nihil

53 3108 188 3189 ratione,
227 3108 306 3173 nihil
340 3109 530 3192 cogitatione
570 3111 718 3193 consequi
758 3119 873 3195 posset.
931 3110 1085 3188 Quocirca

54 3210 132 3274 nihil
157 3230 226 3276 esse
249 3218 313 3275 tam
337 3211 523 3277 detestabile
553 3219 680 3294 tamque
707 3213 890 3297 pestiferum
917 3233 1010 3295 quam
1033 3236 1084 3281 vo-

29 3313 216 3396 luptatem,
240 3313 395 3395 siquidem
418 3334 465 3393 ea,
491 3335 562 3378 oum
585 3316 684 3380 maior
716 3323 798 3380 esset
828 3323 923 3398 atque
953 3318 1082 3401 longior,

53 3435 146 3480 omne
176 3417 272 3480 animi
303 3418 408 3482 lumen
439 3419 645 3501 extingueret.
697 3420 785 3483 Haec
815 3439 884 3483 cum
916 3420 948 3484 O.
973 3420 1083 3485 Pontio

54 3518 205 3600 Samnite,
229 3526 317 3600 patre
348 3521 424 3602 eins,
453 3541 473 3584 a
503 3541 563 3602 quo
592 3521 734 3587 Caudino
763 3521 881 3603 proelio
907 3522 960 3606 Sp.
978 3522 1083 3588 Postu·

55 3622 144 3701 mins,
161 3622 197 3684 T.
215 3622 360 3688 Veturius
383 3624 526 3688 consules
549 3624 686 3706 superati
709 3630 791 3703 sunt,
807 3623 942 3689 locutum
965 3625 1084 3711 Archy·

54 3733 118 3788 tam
140 3724 303 3789 Nearchus
325 3726 523 3805 Tarentinus,
544 3723 658 3807 hospes
681 3732 794 3810 noster,
814 3727 868 3809 qui
889 3726 923 3791 in
945 3727 1034 3814 ami,
1096 3718 1116 3755 ·’

79 3867 132 3908 Cic
143 3879 176 3908 er
183 3883 203 3918 o,
221 3869 280 3911 Cato
297 3869 379 3915 rnaior
394 3871 425 3913 de
443 3873 588 3915 senectute.
