2572 4088
3 156 7 164 ·
128 123 168 188 10
367 142 466 197 CATO
484 144 604 199 MAIOR
622 146 670 199 DE
688 145 875 203 SENEOTUT
877 149 906 203 E.

126 315 165 379 Et
188 315 285 380 multa
307 315 448 397 fortasse,
465 338 545 399 quae
567 320 647 383 volt!
671 325 765 400 atque
787 321 819 383 in
836 341 882 402 ea,
900 341 980 402 quae
996 343 1059 388 non
1076 324 1145 403 volt,

126 436 222 500 saepe
244 417 338 482 etiam
360 418 574 484 adulescentia
595 421 732 485 incurrit.
765 422 848 486 'lllnd
871 443 944 487 vero
968 424 1051 488 idem
1075 426 1146 490 an-

125 518 214 583 cilius
235 519 393 584 vitiosius:

167 621 256 684 Turn
279 620 450 702 equidem
473 627 510 688 in
533 630 686 689 senecta
707 623 776 690 hoc
798 625 936 709 deputo
959 629 1081 692 mistr-

849 729 994 808 rimum,

167 825 316 891 Sentice
343 845 386 890 ea
407 832 533 891 aetate
557 830 707 911 eumpse
731 848 812 894 esse
834 828 1004 894 odiosum
1028 831 1145 896 alteri.

72 940 105 987 26
124 927 298 992 Iucundum
321 928 424 1012 potius
447 949 540 1010 quam
562 928 713 995 odiosum.
737 931 781 996 Ut
795 933 878 995 enim
893 931 1146 998 adulescentibus

124 1031 207 1094 bona
228 1029 332 1094 indole
354 1030 506 1114 praeditis
528 1032 685 1114 sapientes
708 1052 800 1096 senes
822 1031 1017 1097 delectantur
1039 1035 1147 1099 levior-

123 1151 184 1212 que
205 1131 241 1195 fit
262 1138 406 1196 senectus
429 1151 545 1214 corum,
565 1133 617 1214 qui
640 1153 660 1198 a
681 1133 843 1198 iuventute
866 1135 1007 1198 coluntur
1029 1142 1062 1199 et
1084 1136 1147 1200 dili-

122 1240 248 1317 guntur,
271 1235 316 1298 sic
337 1232 554 1298 adulescentes
581 1254 690 1299 senum
713 1237 889 1319 praeceptis
909 1236 1060 1320 gaudent,
1085 1240 1147 1320 qui-

122 1336 182 1400 bus
202 1335 245 1400 ad
265 1336 415 1401 virtutum
445 1336 549 1400 studia
577 1337 748 1421 ducuntur3
780 1359 838 1402 neo
868 1340 971 1404 minus
1000 1340 1147 1426 intellego

122 1458 173 1501 me
194 1439 284 1503 vobis
306 1458 400 1519 quam
422 1439 499 1503 mihi
522 1460 579 1504 vos
601 1459 671 1505 esse
692 1441 853 1505 iucundos.
878 1441 940 1507 Sed
964 1441 1089 1524 videtis,
1113 1451 1147 1508 ut

122 1547 266 1606 senectus
288 1561 350 1605 non
373 1540 465 1606 modo
486 1541 637 1624 languida
658 1549 753 1625 atque
775 1543 859 1608 iners
881 1564 943 1608 non
967 1545 1017 1626 sit,
1037 1566 1146 1610 verum

123 1644 217 1708 ctiam
247 1645 287 1708 sit
316 1663 448 1728 operosa
477 1651 508 1708 et
538 1664 661 1728 semper
689 1665 789 1728 agens
810 1646 929 1728 aliquid
952 1653 984 1711 et
1005 1649 1146 1729 moliens,

122 1747 184 1811 tale
211 1747 338 1827 scilicet,
366 1747 458 1829 quale
486 1747 635 1829 cuiusque
663 1748 800 1812 studium
826 1749 859 1812 in
889 1750 1049 1834 superiore
1082 1752 1147 1815 vita

122 1849 188 1913 fuit.
213 1846 320 1924 Quid?
342 1849 396 1930 qui
419 1849 513 1913 etiam
535 1849 702 1915 addiscunt
723 1850 867 1932 aliquid?
889 1857 925 1915 ut
946 1859 978 1916 et
1001 1852 1145 1917 Solonem

121 1951 263 2015 versibus
289 1951 474 2033 gloriantem
501 1950 653 2031 videmus,
677 1952 729 2034 qui
757 1972 791 2017 se
818 1952 932 2018 cotidie
953 1953 1074 2035 aliquid
1095 1953 1146 2018 ad-

122 2051 293 2117 discentem
316 2051 392 2116 dicit
413 2072 521 2118 senem
543 2052 620 2133 fieri,
636 2059 668 2117 et
689 2073 748 2136 ego
764 2053 835 2134 feci,
852 2055 905 2136 qui
919 2055 1039 2120 litteras
1055 2056 1146 2121 Grae-

122 2174 176 2218 cas
202 2173 300 2219 senex
327 2154 439 2239 didici;
470 2174 548 2236 quas
577 2154 702 2236 quidem
730 2155 775 2220 sio
802 2156 896 2220 avide
917 2158 1035 2240 arripui
1058 2159 1146 2239 quasi

122 2256 300 2320 diuturnam
327 2256 410 2321 sitim
437 2256 564 2340 explere
591 2256 729 2339 cupiens,
752 2263 788 2320 ut
814 2277 852 2320 ea
878 2258 947 2341 ipsa
972 2259 1050 2323 mihi
1072 2268 1146 2324 nota

121 2365 237 2438 essent,
259 2358 371 2440 quibus
393 2378 444 2423 me
466 2378 550 2422 nunc
572 2361 726 2443 exemplis
747 2361 792 2423 uti
815 2359 937 2425 videtis.
963 2360 1053 2435 Quod
1077 2385 1146 2429 oum

121 2460 234 2525 fecisse
263 2460 423 2526 Socratem
454 2460 485 2523 in
520 2460 635 2525 fidibus
668 2461 823 2542 audirem,
853 2463 967 2526 vellem
997 2460 1145 2542 equidem

122 2563 216 2626 etiam
242 2561 318 2626 illud
341 2561 518 2646 (discebant
544 2563 628 2627 enim
654 2562 768 2628 fidibus
795 2563 939 2648 antiqui),
962 2562 1019 2628 sed
1045 2562 1079 2626 in
1102 2564 1147 2628 lit·

121 2664 196 2729 teris
218 2672 301 2729 certe
324 2664 491 2730 elaboravi.

70 2741 104 2862 ἐξ
207 2767 275 2831 Nec
307 2786 390 2830 nunc
419 2766 546 2847 quidem
576 2767 659 2831 vires
692 2766 835 2831 desidero
865 2752 1083 2832 adulescentis
1107 2768 1146 2853 (is

122 2869 205 2933 enim
228 2874 296 2933 erat
317 2868 402 2933 locus
422 2869 500 2934 alter
515 2868 555 2934 de
570 2868 654 2933 vitiis
670 2868 862 2953 senectutis),
879 2890 941 2934 non
957 2871 1036 2953 plus,
1053 2890 1144 2951 quam

121 2971 307 3036 adulescens
329 2972 410 3035 tauri
431 2977 486 3036 aut
512 2971 672 3054 elephanti
699 2971 924 3036 desiderabam.
971 2971 1062 3048 Quod
1089 2979 1145 3051 est,

122 3095 159 3139 eo
182 3073 272 3138 decet
294 3073 339 3137 uti
363 3079 403 3152 et,
426 3072 578 3154 quidquid
600 3094 687 3156 agas,
709 3093 804 3156 agere
827 3095 883 3156 pro
905 3074 1033 3139 viribus.
1058 3072 1146 3149 Quae

122 3175 205 3241 enim
232 3196 294 3240 vox
321 3181 519 3259 potestesse
546 3176 751 3259 contemptior
778 3196 871 3256 quam
898 3177 1021 3241 Milonis
1044 3177 1146 3241 Croto·

122 3277 253 3341 niatae?
286 3277 340 3358 qui
368 3297 438 3341 cnm
465 3277 527 3341 iam
555 3296 653 3341 senex
681 3284 764 3342 essct
786 3277 981 3358 athletasque
1004 3296 1038 3341 se
1061 3297 1145 3342 exer·

28 3375 32 3380 ’
123 3386 229 3444 centes
256 3380 288 3442 in
316 3379 467 3444 curriculo
489 3378 619 3459 videret,
642 3380 804 3463 aspexisse
826 3380 958 3443 lacertos
980 3399 1053 3444 suos
1076 3379 1146 3444 dici-

123 3488 173 3547 tur
186 3481 448 3562 inlacrimansque
463 3481 597 3547 dixisse:
619 3476 677 3546 ‘At
699 3481 737 3545 hi
756 3481 905 3563 quidem
925 3482 1057 3545 mortui
1076 3482 1146 3545 iam

123 3579 232 3647 sunt‘
254 3585 326 3648 Non
349 3603 423 3648 vero
446 3590 510 3647 tam
532 3584 584 3649 isti
607 3603 700 3665 quam
722 3591 756 3648 tu
778 3585 856 3666 ipse,
872 3590 1022 3666 nugator3
1045 3603 1146 3665 neque

16 3630 52 3832 Ι
124 3685 214 3757 enim,
235 3704 276 3783 ex
302 3693 335 3748 te
363 3705 510 3777 umquam
533 3706 568 3751 es
590 3686 780 3766 nobilitatus,
804 3684 859 3750 sed
883 3705 922 3749 ex
946 3686 1094 3750 lateribus
1117 3692 1146 3751 et
