2572 4088
116 128 157 193 22
361 106 459 202 cluo
470 147 599 201 vulturos
618 147 665 202 nn
684 147 906 203 snuuououn.

116 319 173 385 scd
189 326 221 384 et
235 319 453 401 delectatione,
471 341 533 403 qua
549 320 626 401 dixi,
643 326 675 385 et
689 322 852 386 saturitate
873 320 1025 405 copiaque
1045 343 1154 388 rerum

114 422 263 505 omnium,
294 442 373 505 quae
403 422 444 487 ed
484 423 602 488 victum
632 423 803 506 hominurn,
833 423 876 489 ad
912 425 1027 489 cultum
1055 425 1155 489 etiam

114 525 437 608 deorumpertinent,
461 532 505 608 ut,
529 526 676 608 quoniam
703 526 783 593 haec
805 525 933 610 quidam
956 525 1151 608 desiderant,

113 629 147 694 in
169 629 303 714 gratiam
325 629 389 693 iam
412 650 483 694 cum
506 630 667 713 voluptate
689 628 864 696 redeamus.
908 632 1040 714 Semper
1063 631 1152 696 enim

115 732 189 798 boni
218 731 410 813 adsiduique
439 731 557 796 domini
590 732 707 798 referta
742 733 821 799 cella
854 734 990 814 vinaria,
1022 733 1151 813 olearia,

115 830 210 900 etiarn
236 835 367 919 penaria
394 841 451 917 est,
476 836 613 918 villaque
642 841 709 901 tota
739 837 879 921 locuples
909 843 986 920 est:¹
1007 837 1153 902 abundat

115 953 218 1024 porco,
241 938 352 1020 haedo,
375 958 469 1024 agno,
484 939 612 1024 gallina,
629 940 721 1022 lacte,
737 960 839 1022 caseo,
854 940 955 1005 melle.
991 941 1059 1004 Iam
1083 939 1152 1005 bor-

115 1051 181 1109 tum
203 1043 264 1128 ipsi
287 1042 444 1128 agricolae
471 1042 642 1109 succidiam
664 1043 796 1108 alteram
819 1044 989 1128 appellant.
1037 1042 1151 1109 Condi·

115 1146 194 1211 tiora
224 1144 301 1211 facit
331 1146 410 1211 haec
439 1146 683 1229 supervacaneis
716 1146 810 1211 etiarn
844 1147 948 1231 operis
980 1146 1150 1230 aucupium

64 1264 96 1313 ov
115 1256 210 1333 atque
231 1250 367 1314 venatio.
396 1248 478 1325 Quid
502 1247 542 1314 de
564 1255 723 1333 pratorum
746 1248 905 1315 viriditate
927 1256 981 1327 aut
1002 1251 1149 1315 arborum

115 1351 277 1417 ordinibus
298 1358 353 1416 ant
374 1353 538 1417 vinearum
554 1352 779 1418 olivetorumve
795 1353 901 1436 specie
916 1352 1005 1436 plura
1020 1351 1150 1417 dicam?

114 1455 209 1521 Brevi
232 1453 429 1539 praecidam:
461 1474 537 1538 agro
561 1455 642 1520 bene
666 1456 748 1520 culto
771 1456 849 1519 nihil
870 1461 973 1538 potest
997 1474 1067 1520 esse
1089 1475 1149 1519 nec

114 1578 171 1623 usu
196 1557 323 1623 uberius
346 1577 404 1622 nec
427 1558 533 1642 specie
555 1559 712 1644 ornatius,
734 1559 777 1623 ad
792 1577 885 1640 quem
901 1558 1069 1623 fruendum
1083 1578 1148 1623 non

114 1661 207 1726 modo
228 1681 292 1725 non
315 1661 463 1740 retardat,
487 1681 596 1725 verum
625 1661 720 1726 etiam
747 1661 863 1726 invitat
890 1667 983 1742 atque
1011 1660 1149 1726 adlectat

115 1771 269 1829 senectus.
315 1763 377 1828 Ubi
401 1764 485 1829 enirn
508 1769 611 1847 potest
632 1764 686 1828 illa
708 1772 796 1829 aetas
827 1769 882 1829 aut
912 1764 1068 1829 calescere
1097 1765 1149 1828 vel

114 1865 308 1952 apricatione
336 1867 447 1931 melius
470 1867 520 1931 vel
546 1866 614 1949 igni
636 1873 692 1931 aut
712 1866 852 1932 vicissim
875 1865 994 1931 umbris
1016 1866 1148 1949 aquisve

63 1985 95 2034 ss
114 1969 293 2052 rolligerari
327 1967 510 2034 salubrius?
562 1970 711 2035 Habeant
739 1970 836 2053 igitur
865 1970 925 2034 sibi
955 1989 1057 2050 arma,
1088 1970 1147 2034 sibi

116 2093 222 2156 equos,
245 2073 306 2138 sibi
334 2071 451 2153 hastas,
475 2072 536 2137 sibi
560 2073 682 2137 clavam
705 2080 736 2136 et
758 2073 865 2157 pilam,
889 2073 949 2138 sibi
973 2072 1149 2138 natationes

114 2181 210 2258 atquo
240 2195 359 2259 cursus,
383 2176 473 2241 nobis
504 2176 633 2241 senibus
662 2197 703 2240 ex
732 2176 907 2241 lusionibus
937 2175 1042 2240 multis
1069 2177 1149 2242 talos

114 2279 295 2361 relinquant
323 2285 354 2342 et
381 2284 526 2360 tesseras,
550 2277 583 2342 id
606 2279 708 2363 ipsum
731 2286 833 2344 utrum
857 2279 976 2361 libebit,
1001 2279 1148 2360 quoniam

63 2359 96 2482 ἐξ
115 2383 184 2449 sine
207 2383 246 2448 iis
269 2383 364 2448 beata
387 2402 455 2447 esse
485 2388 630 2447 senectus
651 2389 763 2466 potest.
777 2420 819 2430 -
831 2383 945 2448 Multas
960 2382 1002 2446 ad
1017 2402 1068 2447 res
1082 2403 1148 2467 per-

64 2520 69 2530 =
117 2486 209 2551 utiles
231 2484 451 2569 Xenophontis
479 2484 551 2549 libri
578 2492 666 2569 sunt;
699 2506 776 2567 quos
802 2485 908 2568 legite,
937 2504 1064 2566 quaeso,
1087 2492 1149 2550 stu-

117 2590 214 2670 diose,
230 2595 265 2653 ut
287 2588 401 2653 facitis.
448 2587 549 2664 Quam
573 2589 698 2672 copiose
720 2590 761 2654 ab
785 2609 822 2653 eo
849 2589 917 2672 agri
941 2588 1063 2653 cultura
1084 2589 1149 2652 lau-

114 2693 206 2757 datur
234 2692 266 2756 in
297 2710 334 2756 eo
371 2692 460 2772 libro,
484 2691 536 2774 qui
568 2697 615 2756 est
645 2691 685 2755 de
714 2691 832 2756 tuenda
857 2711 890 2756 re
915 2690 1072 2771 familiari,
1096 2691 1148 2773 qui

116 2795 343 2862 Oeconomicus
370 2795 571 2860 inscribitur!
610 2797 714 2877 Atque
742 2802 774 2859 ut
800 2794 993 2877 intellegatis
1019 2793 1097 2858 nibil
1120 2794 1149 2859 ei

114 2906 179 2964 tam
206 2900 310 2982 regale
337 2897 438 2963 videri
466 2918 561 2979 quam
595 2898 731 2962 studium
758 2899 827 2981 agri
850 2897 982 2977 colendi,
1005 2898 1150 2962 Socrates

114 3003 148 3067 in
170 3022 207 3066 eo
228 3001 308 3067 libro
329 3002 466 3084 loquitur
488 3020 558 3066 cum
579 3001 737 3066 Critobulo
761 3001 877 3083 Cyrum
900 3001 1063 3079 minorem,
1080 3001 1150 3065 Per·

116 3124 221 3170 sarum
249 3125 367 3188 regem,
390 3110 604 3188 praestantem
627 3104 755 3187 ingenio
778 3111 872 3185 atque
895 3103 1018 3186 imperii
1039 3103 1149 3186 gloria,

116 3229 187 3272 oum
209 3207 375 3291 Lysander
397 3206 675 3290 Lacedaemonius,
698 3206 746 3271 vir
773 3225 915 3270 summae
942 3203 1076 3284 virtutis,
1100 3221 1150 3269 ve·

115 3310 215 3375 nisset
240 3309 281 3373 ad
309 3329 381 3374 eum
404 3308 513 3376 Sardis
540 3308 632 3390 eique
659 3307 743 3372 dona
769 3329 789 3372 a
815 3307 907 3373 sociis
930 3306 1096 3387 attulisset,
1120 3314 1151 3372 et

117 3411 228 3478 ceteris
251 3412 281 3475 in
305 3412 399 3476 rebus
422 3432 542 3476 comem
563 3432 638 3494 erga
653 3409 853 3495 Lysandrum
868 3417 962 3492 atque
977 3410 1150 3475 humanum

116 3515 214 3580 fuisse
241 3513 324 3578 etei
348 3513 506 3596 quendam
530 3520 733 3597 consaeptum
755 3533 866 3596 agrurn
889 3510 1058 3594 diligenter
1080 3531 1151 3576 con-

117 3617 212 3682 situm
238 3615 423 3680 ostendisse.
470 3616 548 3681 (lum
575 3621 680 3680 autem
703 3614 909 3679 admiraretur
930 3614 1098 3697 Lysander
1121 3622 1154 3679 et

16 3726 52 3840 Ι
118 3719 323 3804 proceritates
349 3719 495 3783 arborum
520 3723 551 3781 et
573 3716 715 3783 derectos
738 3717 771 3780 in
794 3716 1000 3798 quincuncem
1024 3716 1153 3782 ordines
