<?xml version="1.0" encoding="UTF-8"?>
<!DOCTYPE html PUBLIC "-//W3C//DTD XHTML 1.0 Transitional//EN"
    "http://www.w3.org/TR/xhtml1/DTD/xhtml1-transitional.dtd">
<html xmlns="http://www.w3.org/1999/xhtml" xml:lang="en" lang="en">
 <head>
  <title>
</title>
<meta http-equiv="Content-Type" content="text/html;charset=utf-8" />
  <meta name='ocr-system' content='tesseract 3.04.00' />
  <meta name='ocr-capabilities' content='ocr_page ocr_carea ocr_par ocr_line ocrx_word'/>
</head>
<body>
  <div class='ocr_page' id='page_1' title='image "./catomaiordesene00cicegoog_0050.png"; bbox 0 0 2550 4088; ppageno 0'>
   <div class='ocr_carea' id='block_1_1' title="bbox 398 175 1086 258">
    <p class='ocr_par' dir='ltr' id='par_1_1' title="bbox 398 175 1086 258">
     <span class='ocr_line' id='line_1_1' title="bbox 398 175 1086 258; baseline -0.016 -11"><span class='ocrx_word' id='word_1_1' title='bbox 398 190 480 247; x_wconf 77' lang='lat' dir='ltr'><strong>OAP.</strong></span> <span class='ocrx_word' id='word_1_2' title='bbox 495 195 534 258; x_wconf 80' lang='lat'><strong>14,</strong></span> <span class='ocrx_word' id='word_1_3' title='bbox 550 195 589 247; x_wconf 82' lang='lat'><strong>15.</strong></span> <span class='ocrx_word' id='word_1_4' title='bbox 608 193 746 255; x_wconf 73' lang='lat' dir='ltr'><strong>§lo-51.</strong></span> <span class='ocrx_word' id='word_1_5' title='bbox 1048 175 1086 236; x_wconf 81' lang='grc'><strong>19</strong></span> 
     </span>
    </p>
   </div>
   <div class='ocr_carea' id='block_1_2' title="bbox 55 363 1085 552">
    <p class='ocr_par' dir='ltr' id='par_1_2' title="bbox 55 363 1085 552">
     <span class='ocr_line' id='line_1_2' title="bbox 57 363 1085 449; baseline -0.008 -16"><span class='ocrx_word' id='word_1_6' title='bbox 57 369 86 433; x_wconf 82' lang='lat'><strong>0.</strong></span> <span class='ocrx_word' id='word_1_7' title='bbox 103 368 226 447; x_wconf 83' lang='lat' dir='ltr'><strong>Galum,</strong></span> <span class='ocrx_word' id='word_1_8' title='bbox 249 366 433 431; x_wconf 82' lang='lat' dir='ltr'><strong>familiarem</strong></span> <span class='ocrx_word' id='word_1_9' title='bbox 461 365 560 449; x_wconf 88' lang='lat' dir='ltr'><strong>patris</strong></span> <span class='ocrx_word' id='word_1_10' title='bbox 587 364 642 443; x_wconf 91' lang='lat' dir='ltr'><strong>tui,</strong></span> <span class='ocrx_word' id='word_1_11' title='bbox 670 363 792 447; x_wconf 80' lang='lat' dir='ltr'><strong>Scipi03</strong></span> <span class='ocrx_word' id='word_1_12' title='bbox 825 363 970 446; x_wconf 84' lang='lat' dir='ltr'><strong>quotiens</strong></span> <span class='ocrx_word' id='word_1_13' title='bbox 997 363 1085 426; x_wconf 92' lang='lat' dir='ltr'><strong>illum</strong></span> 
     </span>
     <span class='ocr_line' id='line_1_3' title="bbox 55 465 1083 552; baseline -0.005 -19"><span class='ocrx_word' id='word_1_14' title='bbox 55 470 106 533; x_wconf 90' lang='lat' dir='ltr'><strong>lux</strong></span> <span class='ocrx_word' id='word_1_15' title='bbox 135 475 230 535; x_wconf 90' lang='lat' dir='ltr'><strong>noctu</strong></span> <span class='ocrx_word' id='word_1_16' title='bbox 259 468 378 552; x_wconf 90' lang='lat' dir='ltr'><strong>aliquid</strong></span> <span class='ocrx_word' id='word_1_17' title='bbox 407 467 584 534; x_wconf 73' lang='lat' dir='ltr'><strong>describere</strong></span> <span class='ocrx_word' id='word_1_18' title='bbox 617 467 808 551; x_wconf 84' lang='lat' dir='ltr'><strong>ingressum,</strong></span> <span class='ocrx_word' id='word_1_19' title='bbox 839 465 984 548; x_wconf 88' lang='lat' dir='ltr'><strong>quotiens</strong></span> <span class='ocrx_word' id='word_1_20' title='bbox 1019 484 1083 529; x_wconf 93' lang='lat' dir='ltr'><strong>nox</strong></span> 
     </span>
    </p>
   </div>
   <div class='ocr_carea' id='block_1_3' title="bbox 54 567 1138 3838">
    <p class='ocr_par' dir='ltr' id='par_1_3' title="bbox 54 567 1138 3838">
     <span class='ocr_line' id='line_1_4' title="bbox 55 567 1084 656; baseline -0.007 -17"><span class='ocrx_word' id='word_1_21' title='bbox 55 572 216 656; x_wconf 88' lang='lat' dir='ltr'><strong>oppressit,</strong></span> <span class='ocrx_word' id='word_1_22' title='bbox 247 592 318 637; x_wconf 92' lang='lat' dir='ltr'><strong>cum</strong></span> <span class='ocrx_word' id='word_1_23' title='bbox 347 591 441 637; x_wconf 90' lang='lat' dir='ltr'><strong>mane</strong></span> <span class='ocrx_word' id='word_1_24' title='bbox 470 570 643 654; x_wconf 88' lang='lat' dir='ltr'><strong>coepisset!</strong></span> <span class='ocrx_word' id='word_1_25' title='bbox 679 588 773 651; x_wconf 90' lang='lat' dir='ltr'><strong>quam</strong></span> <span class='ocrx_word' id='word_1_26' title='bbox 805 567 985 634; x_wconf 89' lang='lat' dir='ltr'><strong>delectabat</strong></span> <span class='ocrx_word' id='word_1_27' title='bbox 1012 587 1084 632; x_wconf 89' lang='lat' dir='ltr'><strong>eum</strong></span> 
     </span>
     <span class='ocr_line' id='line_1_5' title="bbox 54 668 1080 754; baseline -0.004 -16"><span class='ocrx_word' id='word_1_28' title='bbox 54 674 246 741; x_wconf 89' lang='lat' dir='ltr'><strong>defectiones</strong></span> <span class='ocrx_word' id='word_1_29' title='bbox 272 674 346 740; x_wconf 88' lang='lat' dir='ltr'><strong>solis</strong></span> <span class='ocrx_word' id='word_1_30' title='bbox 373 681 405 740; x_wconf 88' lang='lat' dir='ltr'><strong>et</strong></span> <span class='ocrx_word' id='word_1_31' title='bbox 429 675 524 738; x_wconf 87' lang='lat' dir='ltr'><strong>lunae</strong></span> <span class='ocrx_word' id='word_1_32' title='bbox 551 673 648 737; x_wconf 92' lang='lat' dir='ltr'><strong>multo</strong></span> <span class='ocrx_word' id='word_1_33' title='bbox 670 677 746 736; x_wconf 87' lang='lat' dir='ltr'><strong>ante</strong></span> <span class='ocrx_word' id='word_1_34' title='bbox 767 671 860 736; x_wconf 91' lang='lat' dir='ltr'><strong>nobis</strong></span> <span class='ocrx_word' id='word_1_35' title='bbox 881 668 1080 754; x_wconf 80' lang='lat' dir='ltr'><strong>praedicere!</strong></span> 
     </span>
     <span class='ocr_line' id='line_1_6' title="bbox 55 772 1137 855; baseline -0.003 -13"><span class='ocrx_word' id='word_1_36' title='bbox 55 775 135 854; x_wconf 80' lang='lat' dir='ltr'><strong>Quid</strong></span> <span class='ocrx_word' id='word_1_37' title='bbox 164 777 197 841; x_wconf 91' lang='lat' dir='ltr'><strong>in</strong></span> <span class='ocrx_word' id='word_1_38' title='bbox 225 776 397 842; x_wconf 84' lang='lat' dir='ltr'><strong>levioribus</strong></span> <span class='ocrx_word' id='word_1_39' title='bbox 425 774 547 855; x_wconf 88' lang='lat' dir='ltr'><strong>studiis,</strong></span> <span class='ocrx_word' id='word_1_40' title='bbox 578 773 635 840; x_wconf 90' lang='lat' dir='ltr'><strong>sed</strong></span> <span class='ocrx_word' id='word_1_41' title='bbox 664 780 771 839; x_wconf 84' lang='lat' dir='ltr'><strong>tamen</strong></span> <span class='ocrx_word' id='word_1_42' title='bbox 801 773 928 839; x_wconf 83' lang='lat' dir='ltr'><strong>acutis?</strong></span> <span class='ocrx_word' id='word_1_43' title='bbox 981 772 1083 850; x_wconf 78' lang='lat' dir='ltr'><strong>Quam</strong></span> <span class='ocrx_word' id='word_1_44' title='bbox 1104 791 1137 839; x_wconf 80' lang='lat' dir='ltr'><strong>co</strong></span> 
     </span>
     <span class='ocr_line' id='line_1_7' title="bbox 54 876 1126 964; baseline -0.006 -18"><span class='ocrx_word' id='word_1_45' title='bbox 54 879 212 964; x_wconf 81' lang='lat' dir='ltr'><strong>gaudebat</strong></span> <span class='ocrx_word' id='word_1_46' title='bbox 241 879 323 945; x_wconf 92' lang='lat' dir='ltr'><strong>bello</strong></span> <span class='ocrx_word' id='word_1_47' title='bbox 353 898 408 943; x_wconf 87' lang='lat' dir='ltr'><strong>suo</strong></span> <span class='ocrx_word' id='word_1_48' title='bbox 434 877 554 943; x_wconf 90' lang='lat' dir='ltr'><strong>Punico</strong></span> <span class='ocrx_word' id='word_1_49' title='bbox 579 877 737 943; x_wconf 82' lang='lat' dir='ltr'><strong>Naevius!</strong></span> <span class='ocrx_word' id='word_1_50' title='bbox 773 896 867 958; x_wconf 86' lang='lat' dir='ltr'><strong>quam</strong></span> <span class='ocrx_word' id='word_1_51' title='bbox 893 876 1084 941; x_wconf 77' lang='lat' dir='ltr'><strong>&#39;Iraculento</strong></span> <span class='ocrx_word' id='word_1_52' title='bbox 1106 929 1126 940; x_wconf 83' lang='lat'><strong>..</strong></span> 
     </span>
     <span class='ocr_line' id='line_1_8' title="bbox 54 979 1085 1065; baseline -0.003 -19"><span class='ocrx_word' id='word_1_53' title='bbox 54 984 191 1064; x_wconf 90' lang='lat' dir='ltr'><strong>Plautus,</strong></span> <span class='ocrx_word' id='word_1_54' title='bbox 214 1002 308 1065; x_wconf 88' lang='lat' dir='ltr'><strong>qnam</strong></span> <span class='ocrx_word' id='word_1_55' title='bbox 331 979 501 1047; x_wconf 84' lang='lat' dir='ltr'><strong>Pseudolo!</strong></span> <span class='ocrx_word' id='word_1_56' title='bbox 526 979 599 1045; x_wconf 89' lang='lat' dir='ltr'><strong>Vidi</strong></span> <span class='ocrx_word' id='word_1_57' title='bbox 622 980 716 1045; x_wconf 90' lang='lat' dir='ltr'><strong>etiam</strong></span> <span class='ocrx_word' id='word_1_58' title='bbox 740 999 849 1045; x_wconf 88' lang='lat' dir='ltr'><strong>senem</strong></span> <span class='ocrx_word' id='word_1_59' title='bbox 865 979 1007 1062; x_wconf 83' lang='lat' dir='ltr'><strong>Livium3</strong></span> <span class='ocrx_word' id='word_1_60' title='bbox 1032 979 1085 1061; x_wconf 92' lang='lat' dir='ltr'><strong>qui</strong></span> 
     </span>
     <span class='ocr_line' id='line_1_9' title="bbox 55 1081 1085 1168; baseline -0.005 -18"><span class='ocrx_word' id='word_1_61' title='bbox 55 1106 123 1151; x_wconf 91' lang='lat' dir='ltr'><strong>cum</strong></span> <span class='ocrx_word' id='word_1_62' title='bbox 146 1105 205 1151; x_wconf 83' lang='lat' dir='ltr'><strong>sex</strong></span> <span class='ocrx_word' id='word_1_63' title='bbox 226 1085 319 1150; x_wconf 88' lang='lat' dir='ltr'><strong>annis</strong></span> <span class='ocrx_word' id='word_1_64' title='bbox 341 1090 426 1165; x_wconf 85' lang='lat' dir='ltr'><strong>ante,</strong></span> <span class='ocrx_word' id='word_1_65' title='bbox 449 1103 543 1166; x_wconf 88' lang='lat' dir='ltr'><strong>quam</strong></span> <span class='ocrx_word' id='word_1_66' title='bbox 566 1103 626 1168; x_wconf 84' lang='lat' dir='ltr'><strong>ego</strong></span> <span class='ocrx_word' id='word_1_67' title='bbox 647 1091 742 1148; x_wconf 91' lang='lat' dir='ltr'><strong>natus</strong></span> <span class='ocrx_word' id='word_1_68' title='bbox 769 1103 847 1162; x_wconf 87' lang='lat' dir='ltr'><strong>sum,</strong></span> <span class='ocrx_word' id='word_1_69' title='bbox 872 1081 1011 1148; x_wconf 86' lang='lat' dir='ltr'><strong>fabulam</strong></span> <span class='ocrx_word' id='word_1_70' title='bbox 1034 1082 1085 1145; x_wconf 93' lang='lat' dir='ltr'><strong>do-</strong></span> 
     </span>
     <span class='ocr_line' id='line_1_10' title="bbox 55 1184 1085 1269; baseline -0.004 -17"><span class='ocrx_word' id='word_1_71' title='bbox 55 1189 170 1254; x_wconf 89' lang='lat' dir='ltr'><strong>cuisset</strong></span> <span class='ocrx_word' id='word_1_72' title='bbox 191 1188 332 1254; x_wconf 81' lang='lat' dir='ltr'><strong>Centone</strong></span> <span class='ocrx_word' id='word_1_73' title='bbox 353 1185 573 1269; x_wconf 82' lang='lat' dir='ltr'><strong>Tuditanoque</strong></span> <span class='ocrx_word' id='word_1_74' title='bbox 601 1187 792 1265; x_wconf 88' lang='lat' dir='ltr'><strong>consulibus,</strong></span> <span class='ocrx_word' id='word_1_75' title='bbox 816 1204 916 1267; x_wconf 89' lang='lat' dir='ltr'><strong>usque</strong></span> <span class='ocrx_word' id='word_1_76' title='bbox 943 1184 984 1249; x_wconf 89' lang='lat' dir='ltr'><strong>ad</strong></span> <span class='ocrx_word' id='word_1_77' title='bbox 1011 1184 1085 1249; x_wconf 88' lang='lat' dir='ltr'><strong>adu-</strong></span> 
     </span>
     <span class='ocr_line' id='line_1_11' title="bbox 55 1286 1085 1373; baseline -0.002 -19"><span class='ocrx_word' id='word_1_78' title='bbox 55 1290 236 1356; x_wconf 88' lang='lat' dir='ltr'><strong>lescentiam</strong></span> <span class='ocrx_word' id='word_1_79' title='bbox 265 1309 368 1354; x_wconf 89' lang='lat' dir='ltr'><strong>meam</strong></span> <span class='ocrx_word' id='word_1_80' title='bbox 397 1290 550 1373; x_wconf 88' lang='lat' dir='ltr'><strong>processit</strong></span> <span class='ocrx_word' id='word_1_81' title='bbox 579 1295 691 1354; x_wconf 86' lang='lat' dir='ltr'><strong>aetate.</strong></span> <span class='ocrx_word' id='word_1_82' title='bbox 741 1286 825 1364; x_wconf 82' lang='lat' dir='ltr'><strong>Quid</strong></span> <span class='ocrx_word' id='word_1_83' title='bbox 855 1286 895 1352; x_wconf 90' lang='lat' dir='ltr'><strong>de</strong></span> <span class='ocrx_word' id='word_1_84' title='bbox 926 1289 959 1351; x_wconf 89' lang='lat' dir='ltr'><strong>P.</strong></span> <span class='ocrx_word' id='word_1_85' title='bbox 982 1288 1085 1353; x_wconf 83' lang='lat' dir='ltr'><strong>Licini</strong></span> 
     </span>
     <span class='ocr_line' id='line_1_12' title="bbox 56 1389 1084 1477; baseline -0.005 -17"><span class='ocrx_word' id='word_1_86' title='bbox 56 1392 159 1459; x_wconf 69' lang='lat' dir='ltr'><strong>crasi</strong></span> <span class='ocrx_word' id='word_1_87' title='bbox 185 1399 218 1458; x_wconf 91' lang='lat' dir='ltr'><strong>et</strong></span> <span class='ocrx_word' id='word_1_88' title='bbox 241 1391 393 1477; x_wconf 89' lang='lat' dir='ltr'><strong>pontificii</strong></span> <span class='ocrx_word' id='word_1_89' title='bbox 421 1398 453 1457; x_wconf 90' lang='lat' dir='ltr'><strong>et</strong></span> <span class='ocrx_word' id='word_1_90' title='bbox 480 1391 581 1458; x_wconf 83' lang='lat' dir='ltr'><strong>civilis</strong></span> <span class='ocrx_word' id='word_1_91' title='bbox 607 1392 683 1457; x_wconf 88' lang='lat' dir='ltr'><strong>iuris</strong></span> <span class='ocrx_word' id='word_1_92' title='bbox 709 1389 813 1456; x_wconf 91' lang='lat' dir='ltr'><strong>studio</strong></span> <span class='ocrx_word' id='word_1_93' title='bbox 835 1391 945 1472; x_wconf 88' lang='lat' dir='ltr'><strong>loquar</strong></span> <span class='ocrx_word' id='word_1_94' title='bbox 967 1399 1021 1455; x_wconf 90' lang='lat' dir='ltr'><strong>aut</strong></span> <span class='ocrx_word' id='word_1_95' title='bbox 1044 1390 1084 1456; x_wconf 93' lang='lat' dir='ltr'><strong>de</strong></span> 
     </span>
     <span class='ocr_line' id='line_1_13' title="bbox 56 1493 1085 1579; baseline -0.003 -18"><span class='ocrx_word' id='word_1_96' title='bbox 56 1496 145 1563; x_wconf 88' lang='lat' dir='ltr'><strong>huius</strong></span> <span class='ocrx_word' id='word_1_97' title='bbox 171 1498 206 1560; x_wconf 92' lang='lat' dir='ltr'><strong>P.</strong></span> <span class='ocrx_word' id='word_1_98' title='bbox 227 1495 392 1579; x_wconf 82' lang='lat' dir='ltr'><strong>Scipionis,</strong></span> <span class='ocrx_word' id='word_1_99' title='bbox 421 1495 473 1576; x_wconf 90' lang='lat' dir='ltr'><strong>qui</strong></span> <span class='ocrx_word' id='word_1_100' title='bbox 501 1495 551 1560; x_wconf 90' lang='lat' dir='ltr'><strong>his</strong></span> <span class='ocrx_word' id='word_1_101' title='bbox 573 1495 682 1579; x_wconf 83' lang='lat' dir='ltr'><strong>paucis</strong></span> <span class='ocrx_word' id='word_1_102' title='bbox 709 1493 822 1560; x_wconf 87' lang='lat' dir='ltr'><strong>diebus</strong></span> <span class='ocrx_word' id='word_1_103' title='bbox 850 1493 995 1578; x_wconf 82' lang='lat' dir='ltr'><strong>pontifex</strong></span> <span class='ocrx_word' id='word_1_104' title='bbox 1023 1515 1085 1558; x_wconf 86' lang='lat' dir='ltr'><strong>ma·</strong></span> 
     </span>
     <span class='ocr_line' id='line_1_14' title="bbox 57 1598 1085 1680; baseline -0.005 -15"><span class='ocrx_word' id='word_1_105' title='bbox 57 1599 158 1665; x_wconf 88' lang='lat' dir='ltr'><strong>ximus</strong></span> <span class='ocrx_word' id='word_1_106' title='bbox 187 1599 290 1664; x_wconf 87' lang='lat' dir='ltr'><strong>factus</strong></span> <span class='ocrx_word' id='word_1_107' title='bbox 319 1598 392 1663; x_wconf 83' lang='lat' dir='ltr'><strong>est?</strong></span> <span class='ocrx_word' id='word_1_108' title='bbox 434 1599 540 1680; x_wconf 83' lang='lat' dir='ltr'><strong>Atque</strong></span> <span class='ocrx_word' id='word_1_109' title='bbox 570 1617 623 1663; x_wconf 89' lang='lat' dir='ltr'><strong>eos</strong></span> <span class='ocrx_word' id='word_1_110' title='bbox 652 1616 771 1677; x_wconf 91' lang='lat' dir='ltr'><strong>omnes,</strong></span> <span class='ocrx_word' id='word_1_111' title='bbox 795 1616 873 1678; x_wconf 86' lang='lat' dir='ltr'><strong>quos</strong></span> <span class='ocrx_word' id='word_1_112' title='bbox 902 1616 1085 1661; x_wconf 85' lang='lat' dir='ltr'><strong>commemo</strong></span> 
     </span>
     <span class='ocr_line' id='line_1_15' title="bbox 56 1699 1086 1785; baseline -0.003 -18"><span class='ocrx_word' id='word_1_113' title='bbox 56 1703 130 1784; x_wconf 85' lang='lat' dir='ltr'><strong>ravi,</strong></span> <span class='ocrx_word' id='word_1_114' title='bbox 152 1700 203 1766; x_wconf 89' lang='lat' dir='ltr'><strong>his</strong></span> <span class='ocrx_word' id='word_1_115' title='bbox 232 1701 343 1766; x_wconf 89' lang='lat' dir='ltr'><strong>studiis</strong></span> <span class='ocrx_word' id='word_1_116' title='bbox 373 1700 544 1785; x_wconf 82' lang='lat' dir='ltr'><strong>flagrantes</strong></span> <span class='ocrx_word' id='word_1_117' title='bbox 569 1719 663 1764; x_wconf 88' lang='lat' dir='ltr'><strong>senes</strong></span> <span class='ocrx_word' id='word_1_118' title='bbox 690 1699 843 1782; x_wconf 79' lang='lat' dir='ltr'><strong>vidimus3</strong></span> <span class='ocrx_word' id='word_1_119' title='bbox 874 1699 914 1763; x_wconf 88' lang='lat' dir='ltr'><strong>M.</strong></span> <span class='ocrx_word' id='word_1_120' title='bbox 932 1719 1006 1765; x_wconf 87' lang='lat' dir='ltr'><strong>vero</strong></span> <span class='ocrx_word' id='word_1_121' title='bbox 1030 1700 1086 1764; x_wconf 82' lang='lat' dir='ltr'><strong>Oe-</strong></span> 
     </span>
     <span class='ocr_line' id='line_1_16' title="bbox 56 1796 1084 1889; baseline -0.003 -19"><span class='ocrx_word' id='word_1_122' title='bbox 56 1805 194 1889; x_wconf 85' lang='lat' dir='ltr'><strong>thegum,</strong></span> <span class='ocrx_word' id='word_1_123' title='bbox 217 1823 308 1886; x_wconf 88' lang='lat' dir='ltr'><strong>quem</strong></span> <span class='ocrx_word' id='word_1_124' title='bbox 331 1811 416 1869; x_wconf 88' lang='lat' dir='ltr'><strong>recte</strong></span> <span class='ocrx_word' id='word_1_125' title='bbox 437 1796 594 1870; x_wconf 86' lang='lat' dir='ltr'><strong>‘Suadae</strong></span> <span class='ocrx_word' id='word_1_126' title='bbox 618 1799 827 1868; x_wconf 83' lang='lat' dir='ltr'><strong>medullam&#39;</strong></span> <span class='ocrx_word' id='word_1_127' title='bbox 850 1802 931 1866; x_wconf 92' lang='lat' dir='ltr'><strong>dixit</strong></span> <span class='ocrx_word' id='word_1_128' title='bbox 953 1802 1084 1883; x_wconf 84' lang='lat' dir='ltr'><strong>Ennius,</strong></span> 
     </span>
     <span class='ocr_line' id='line_1_17' title="bbox 57 1904 1086 1991; baseline -0.002 -18"><span class='ocrx_word' id='word_1_129' title='bbox 57 1913 173 1991; x_wconf 90' lang='lat' dir='ltr'><strong>quanto</strong></span> <span class='ocrx_word' id='word_1_130' title='bbox 199 1905 302 1972; x_wconf 89' lang='lat' dir='ltr'><strong>studio</strong></span> <span class='ocrx_word' id='word_1_131' title='bbox 326 1906 465 1972; x_wconf 83' lang='lat' dir='ltr'><strong>exerceri</strong></span> <span class='ocrx_word' id='word_1_132' title='bbox 492 1907 525 1970; x_wconf 90' lang='lat' dir='ltr'><strong>in</strong></span> <span class='ocrx_word' id='word_1_133' title='bbox 553 1905 687 1970; x_wconf 90' lang='lat' dir='ltr'><strong>dicendo</strong></span> <span class='ocrx_word' id='word_1_134' title='bbox 710 1904 897 1971; x_wconf 86' lang='lat' dir='ltr'><strong>videbamus</strong></span> <span class='ocrx_word' id='word_1_135' title='bbox 922 1906 1016 1969; x_wconf 91' lang='lat' dir='ltr'><strong>etiam</strong></span> <span class='ocrx_word' id='word_1_136' title='bbox 1040 1925 1086 1971; x_wconf 90' lang='lat' dir='ltr'><strong>se·</strong></span> 
     </span>
     <span class='ocr_line' id='line_1_18' title="bbox 58 2007 1086 2092; baseline -0.002 -17"><span class='ocrx_word' id='word_1_137' title='bbox 58 2011 143 2076; x_wconf 84' lang='lat' dir='ltr'><strong>nemi</strong></span> <span class='ocrx_word' id='word_1_138' title='bbox 180 2009 269 2086; x_wconf 83' lang='lat' dir='ltr'><strong>Quae</strong></span> <span class='ocrx_word' id='word_1_139' title='bbox 291 2014 364 2074; x_wconf 88' lang='lat' dir='ltr'><strong>sunt</strong></span> <span class='ocrx_word' id='word_1_140' title='bbox 385 2009 481 2092; x_wconf 86' lang='lat' dir='ltr'><strong>igitur</strong></span> <span class='ocrx_word' id='word_1_141' title='bbox 502 2009 664 2092; x_wconf 90' lang='lat' dir='ltr'><strong>epularum</strong></span> <span class='ocrx_word' id='word_1_142' title='bbox 688 2015 742 2072; x_wconf 90' lang='lat' dir='ltr'><strong>aut</strong></span> <span class='ocrx_word' id='word_1_143' title='bbox 764 2007 906 2072; x_wconf 92' lang='lat' dir='ltr'><strong>ludorum</strong></span> <span class='ocrx_word' id='word_1_144' title='bbox 929 2014 984 2071; x_wconf 91' lang='lat' dir='ltr'><strong>ant</strong></span> <span class='ocrx_word' id='word_1_145' title='bbox 1007 2028 1086 2073; x_wconf 89' lang='lat' dir='ltr'><strong>scor·</strong></span> 
     </span>
     <span class='ocr_line' id='line_1_19' title="bbox 57 2111 1086 2196; baseline -0.003 -17"><span class='ocrx_word' id='word_1_146' title='bbox 57 2120 156 2179; x_wconf 88' lang='lat' dir='ltr'><strong>torum</strong></span> <span class='ocrx_word' id='word_1_147' title='bbox 190 2113 367 2196; x_wconf 88' lang='lat' dir='ltr'><strong>voluptates</strong></span> <span class='ocrx_word' id='word_1_148' title='bbox 400 2132 469 2176; x_wconf 89' lang='lat' dir='ltr'><strong>cnm</strong></span> <span class='ocrx_word' id='word_1_149' title='bbox 503 2111 553 2175; x_wconf 88' lang='lat' dir='ltr'><strong>his</strong></span> <span class='ocrx_word' id='word_1_150' title='bbox 583 2112 799 2195; x_wconf 87' lang='lat' dir='ltr'><strong>voluptatibus</strong></span> <span class='ocrx_word' id='word_1_151' title='bbox 828 2111 1086 2193; x_wconf 77' lang='lat' dir='ltr'><strong>comparandae?</strong></span> 
     </span>
     <span class='ocr_line' id='line_1_20' title="bbox 57 2213 1087 2299; baseline -0.004 -17"><span class='ocrx_word' id='word_1_152' title='bbox 57 2218 159 2299; x_wconf 84' lang='lat' dir='ltr'><strong>Atque</strong></span> <span class='ocrx_word' id='word_1_153' title='bbox 181 2214 261 2281; x_wconf 89' lang='lat' dir='ltr'><strong>haec</strong></span> <span class='ocrx_word' id='word_1_154' title='bbox 283 2215 409 2297; x_wconf 91' lang='lat' dir='ltr'><strong>quidem</strong></span> <span class='ocrx_word' id='word_1_155' title='bbox 432 2214 536 2280; x_wconf 87' lang='lat' dir='ltr'><strong>studia</strong></span> <span class='ocrx_word' id='word_1_156' title='bbox 559 2215 736 2298; x_wconf 78' lang='lat' dir='ltr'><strong>doctriuae3</strong></span> <span class='ocrx_word' id='word_1_157' title='bbox 765 2233 845 2295; x_wconf 89' lang='lat' dir='ltr'><strong>quae</strong></span> <span class='ocrx_word' id='word_1_158' title='bbox 868 2213 995 2295; x_wconf 88' lang='lat' dir='ltr'><strong>quidem</strong></span> <span class='ocrx_word' id='word_1_159' title='bbox 1018 2235 1087 2298; x_wconf 90' lang='lat' dir='ltr'><strong>pru-</strong></span> 
     </span>
     <span class='ocr_line' id='line_1_21' title="bbox 57 2317 1085 2411; baseline -0.003 -28"><span class='ocrx_word' id='word_1_160' title='bbox 57 2318 203 2383; x_wconf 89' lang='lat' dir='ltr'><strong>dentibus</strong></span> <span class='ocrx_word' id='word_1_161' title='bbox 228 2324 260 2382; x_wconf 91' lang='lat' dir='ltr'><strong>et</strong></span> <span class='ocrx_word' id='word_1_162' title='bbox 286 2318 367 2382; x_wconf 90' lang='lat' dir='ltr'><strong>bene</strong></span> <span class='ocrx_word' id='word_1_163' title='bbox 394 2317 545 2411; x_wconf 85' lang='lat' dir='ltr'><strong>institutis</strong></span> <span class='ocrx_word' id='word_1_164' title='bbox 572 2317 689 2401; x_wconf 87' lang='lat' dir='ltr'><strong>pariter</strong></span> <span class='ocrx_word' id='word_1_165' title='bbox 711 2337 781 2381; x_wconf 91' lang='lat' dir='ltr'><strong>cum</strong></span> <span class='ocrx_word' id='word_1_166' title='bbox 804 2322 909 2381; x_wconf 87' lang='lat' dir='ltr'><strong>aetate</strong></span> <span class='ocrx_word' id='word_1_167' title='bbox 932 2325 1085 2398; x_wconf 84' lang='lat' dir='ltr'><strong>crescunt,</strong></span> 
     </span>
     <span class='ocr_line' id='line_1_22' title="bbox 57 2419 1086 2502; baseline 0 -17"><span class='ocrx_word' id='word_1_168' title='bbox 57 2428 91 2485; x_wconf 93' lang='lat' dir='ltr'><strong>ut</strong></span> <span class='ocrx_word' id='word_1_169' title='bbox 119 2420 284 2486; x_wconf 90' lang='lat' dir='ltr'><strong>honestum</strong></span> <span class='ocrx_word' id='word_1_170' title='bbox 313 2419 392 2484; x_wconf 91' lang='lat' dir='ltr'><strong>illud</strong></span> <span class='ocrx_word' id='word_1_171' title='bbox 418 2419 541 2485; x_wconf 84' lang='lat' dir='ltr'><strong>Solonis</strong></span> <span class='ocrx_word' id='word_1_172' title='bbox 570 2420 620 2501; x_wconf 91' lang='lat' dir='ltr'><strong>sit,</strong></span> <span class='ocrx_word' id='word_1_173' title='bbox 652 2419 735 2501; x_wconf 91' lang='lat' dir='ltr'><strong>quod</strong></span> <span class='ocrx_word' id='word_1_174' title='bbox 761 2419 806 2483; x_wconf 90' lang='lat' dir='ltr'><strong>ait</strong></span> <span class='ocrx_word' id='word_1_175' title='bbox 832 2419 986 2484; x_wconf 85' lang='lat' dir='ltr'><strong>versiculo</strong></span> <span class='ocrx_word' id='word_1_176' title='bbox 1014 2441 1086 2502; x_wconf 89' lang='lat' dir='ltr'><strong>quo-</strong></span> 
     </span>
     <span class='ocr_line' id='line_1_23' title="bbox 56 2520 1086 2603; baseline 0.002 -17"><span class='ocrx_word' id='word_1_177' title='bbox 56 2523 140 2603; x_wconf 89' lang='lat' dir='ltr'><strong>dam,</strong></span> <span class='ocrx_word' id='word_1_178' title='bbox 159 2528 193 2586; x_wconf 91' lang='lat' dir='ltr'><strong>ut</strong></span> <span class='ocrx_word' id='word_1_179' title='bbox 214 2526 287 2586; x_wconf 87' lang='lat' dir='ltr'><strong>ante</strong></span> <span class='ocrx_word' id='word_1_180' title='bbox 314 2520 391 2602; x_wconf 82' lang='lat' dir='ltr'><strong>dixi,</strong></span> <span class='ocrx_word' id='word_1_181' title='bbox 415 2542 579 2587; x_wconf 87' lang='lat' dir='ltr'><strong>senescere</strong></span> <span class='ocrx_word' id='word_1_182' title='bbox 602 2542 636 2586; x_wconf 90' lang='lat' dir='ltr'><strong>se</strong></span> <span class='ocrx_word' id='word_1_183' title='bbox 659 2523 756 2586; x_wconf 87' lang='lat' dir='ltr'><strong>multa</strong></span> <span class='ocrx_word' id='word_1_184' title='bbox 778 2521 811 2584; x_wconf 90' lang='lat' dir='ltr'><strong>in</strong></span> <span class='ocrx_word' id='word_1_185' title='bbox 835 2521 902 2586; x_wconf 91' lang='lat' dir='ltr'><strong>dies</strong></span> <span class='ocrx_word' id='word_1_186' title='bbox 924 2521 1086 2588; x_wconf 86' lang='lat' dir='ltr'><strong>addiscen-</strong></span> 
     </span>
     <span class='ocr_line' id='line_1_24' title="bbox 56 2625 1084 2708; baseline 0.003 -20"><span class='ocrx_word' id='word_1_187' title='bbox 56 2633 130 2705; x_wconf 88' lang='lat' dir='ltr'><strong>tem,</strong></span> <span class='ocrx_word' id='word_1_188' title='bbox 154 2644 216 2707; x_wconf 92' lang='lat' dir='ltr'><strong>qua</strong></span> <span class='ocrx_word' id='word_1_189' title='bbox 237 2625 398 2708; x_wconf 87' lang='lat' dir='ltr'><strong>voluptate</strong></span> <span class='ocrx_word' id='word_1_190' title='bbox 419 2625 516 2689; x_wconf 85' lang='lat' dir='ltr'><strong>animi</strong></span> <span class='ocrx_word' id='word_1_191' title='bbox 540 2625 625 2688; x_wconf 89' lang='lat' dir='ltr'><strong>nulla</strong></span> <span class='ocrx_word' id='word_1_192' title='bbox 647 2630 731 2689; x_wconf 89' lang='lat' dir='ltr'><strong>certe</strong></span> <span class='ocrx_word' id='word_1_193' title='bbox 754 2630 857 2707; x_wconf 91' lang='lat' dir='ltr'><strong>potest</strong></span> <span class='ocrx_word' id='word_1_194' title='bbox 881 2644 950 2688; x_wconf 86' lang='lat' dir='ltr'><strong>esse</strong></span> <span class='ocrx_word' id='word_1_195' title='bbox 976 2627 1084 2691; x_wconf 92' lang='lat' dir='ltr'><strong>maior.</strong></span> 
     </span>
     <span class='ocr_line' id='line_1_25' title="bbox 141 2710 1138 2828; baseline 0.003 -38"><span class='ocrx_word' id='word_1_196' title='bbox 141 2727 241 2791; x_wconf 91' lang='lat' dir='ltr'><strong>Venio</strong></span> <span class='ocrx_word' id='word_1_197' title='bbox 268 2747 351 2791; x_wconf 88' lang='lat' dir='ltr'><strong>nunc</strong></span> <span class='ocrx_word' id='word_1_198' title='bbox 377 2726 418 2791; x_wconf 92' lang='lat' dir='ltr'><strong>ad</strong></span> <span class='ocrx_word' id='word_1_199' title='bbox 441 2726 619 2810; x_wconf 83' lang='lat' dir='ltr'><strong>voluptates</strong></span> <span class='ocrx_word' id='word_1_200' title='bbox 645 2726 859 2809; x_wconf 83' lang='lat' dir='ltr'><strong>agricolarum,</strong></span> <span class='ocrx_word' id='word_1_201' title='bbox 884 2727 998 2807; x_wconf 89' lang='lat' dir='ltr'><strong>quibus</strong></span> <span class='ocrx_word' id='word_1_202' title='bbox 1027 2748 1085 2812; x_wconf 86' lang='lat' dir='ltr'><strong>ego</strong></span> <span class='ocrx_word' id='word_1_203' title='bbox 1105 2710 1138 2828; x_wconf 58' lang='grc' dir='ltr'><strong>ξ’</strong></span> 
     </span>
     <span class='ocr_line' id='line_1_26' title="bbox 55 2829 1086 2912; baseline 0.002 -18"><span class='ocrx_word' id='word_1_204' title='bbox 55 2829 281 2895; x_wconf 87' lang='lat' dir='ltr'><strong>incredibiliter</strong></span> <span class='ocrx_word' id='word_1_205' title='bbox 298 2829 451 2912; x_wconf 87' lang='lat' dir='ltr'><strong>delector;</strong></span> <span class='ocrx_word' id='word_1_206' title='bbox 476 2849 557 2911; x_wconf 88' lang='lat' dir='ltr'><strong>quae</strong></span> <span class='ocrx_word' id='word_1_207' title='bbox 579 2849 638 2893; x_wconf 91' lang='lat' dir='ltr'><strong>nec</strong></span> <span class='ocrx_word' id='word_1_208' title='bbox 660 2830 724 2894; x_wconf 87' lang='lat' dir='ltr'><strong>ulla</strong></span> <span class='ocrx_word' id='word_1_209' title='bbox 746 2829 959 2912; x_wconf 89' lang='lat' dir='ltr'><strong>impediuntur</strong></span> <span class='ocrx_word' id='word_1_210' title='bbox 981 2851 1086 2896; x_wconf 87' lang='lat' dir='ltr'><strong>senec·</strong></span> 
     </span>
     <span class='ocr_line' id='line_1_27' title="bbox 55 2931 1085 3016; baseline 0.004 -20"><span class='ocrx_word' id='word_1_211' title='bbox 55 2940 122 2997; x_wconf 86' lang='lat' dir='ltr'><strong>tute</strong></span> <span class='ocrx_word' id='word_1_212' title='bbox 144 2931 274 2997; x_wconf 87' lang='lat' dir='ltr'><strong>etmihi</strong></span> <span class='ocrx_word' id='word_1_213' title='bbox 297 2931 339 2995; x_wconf 92' lang='lat' dir='ltr'><strong>ad</strong></span> <span class='ocrx_word' id='word_1_214' title='bbox 361 2932 511 3015; x_wconf 88' lang='lat' dir='ltr'><strong>sapientis</strong></span> <span class='ocrx_word' id='word_1_215' title='bbox 533 2931 630 2996; x_wconf 85' lang='lat' dir='ltr'><strong>vitam</strong></span> <span class='ocrx_word' id='word_1_216' title='bbox 657 2932 799 3016; x_wconf 91' lang='lat' dir='ltr'><strong>proxime</strong></span> <span class='ocrx_word' id='word_1_217' title='bbox 828 2931 973 2997; x_wconf 88' lang='lat' dir='ltr'><strong>videntur</strong></span> <span class='ocrx_word' id='word_1_218' title='bbox 999 2955 1085 3000; x_wconf 90' lang='lat' dir='ltr'><strong>aece-</strong></span> 
     </span>
     <span class='ocr_line' id='line_1_28' title="bbox 55 3033 1084 3118; baseline 0.005 -21"><span class='ocrx_word' id='word_1_219' title='bbox 55 3034 139 3099; x_wconf 89' lang='lat' dir='ltr'><strong>derc.</strong></span> <span class='ocrx_word' id='word_1_220' title='bbox 170 3033 297 3098; x_wconf 85' lang='lat' dir='ltr'><strong>Habent</strong></span> <span class='ocrx_word' id='word_1_221' title='bbox 320 3033 403 3097; x_wconf 90' lang='lat' dir='ltr'><strong>enim</strong></span> <span class='ocrx_word' id='word_1_222' title='bbox 426 3033 578 3098; x_wconf 87' lang='lat' dir='ltr'><strong>rationem</strong></span> <span class='ocrx_word' id='word_1_223' title='bbox 602 3054 672 3098; x_wconf 91' lang='lat' dir='ltr'><strong>cum</strong></span> <span class='ocrx_word' id='word_1_224' title='bbox 695 3041 786 3115; x_wconf 90' lang='lat' dir='ltr'><strong>terra,</strong></span> <span class='ocrx_word' id='word_1_225' title='bbox 811 3054 892 3116; x_wconf 88' lang='lat' dir='ltr'><strong>quae</strong></span> <span class='ocrx_word' id='word_1_226' title='bbox 914 3055 1084 3118; x_wconf 82' lang='lat' dir='ltr'><strong>numquam</strong></span> 
     </span>
     <span class='ocr_line' id='line_1_29' title="bbox 55 3135 1086 3221; baseline 0.004 -21"><span class='ocrx_word' id='word_1_227' title='bbox 55 3142 180 3202; x_wconf 86' lang='lat' dir='ltr'><strong>recusat</strong></span> <span class='ocrx_word' id='word_1_228' title='bbox 205 3135 370 3219; x_wconf 91' lang='lat' dir='ltr'><strong>imperium</strong></span> <span class='ocrx_word' id='word_1_229' title='bbox 397 3155 456 3200; x_wconf 89' lang='lat' dir='ltr'><strong>nec</strong></span> <span class='ocrx_word' id='word_1_230' title='bbox 482 3156 630 3218; x_wconf 91' lang='lat' dir='ltr'><strong>umquam</strong></span> <span class='ocrx_word' id='word_1_231' title='bbox 658 3135 726 3201; x_wconf 90' lang='lat' dir='ltr'><strong>sine</strong></span> <span class='ocrx_word' id='word_1_232' title='bbox 747 3156 843 3202; x_wconf 86' lang='lat' dir='ltr'><strong>usura</strong></span> <span class='ocrx_word' id='word_1_233' title='bbox 865 3136 978 3219; x_wconf 83' lang='lat' dir='ltr'><strong>reddit,</strong></span> <span class='ocrx_word' id='word_1_234' title='bbox 1002 3140 1086 3221; x_wconf 87' lang='lat' dir='ltr'><strong>qnod</strong></span> 
     </span>
     <span class='ocr_line' id='line_1_30' title="bbox 54 3237 1083 3322; baseline 0.005 -19"><span class='ocrx_word' id='word_1_235' title='bbox 54 3237 186 3322; x_wconf 88' lang='lat' dir='ltr'><strong>accepit,</strong></span> <span class='ocrx_word' id='word_1_236' title='bbox 202 3237 258 3302; x_wconf 89' lang='lat' dir='ltr'><strong>sed</strong></span> <span class='ocrx_word' id='word_1_237' title='bbox 272 3238 352 3302; x_wconf 86' lang='lat' dir='ltr'><strong>alias</strong></span> <span class='ocrx_word' id='word_1_238' title='bbox 367 3238 497 3317; x_wconf 90' lang='lat' dir='ltr'><strong>minore,</strong></span> <span class='ocrx_word' id='word_1_239' title='bbox 514 3240 697 3322; x_wconf 91' lang='lat' dir='ltr'><strong>plerumque</strong></span> <span class='ocrx_word' id='word_1_240' title='bbox 713 3239 830 3306; x_wconf 87' lang='lat' dir='ltr'><strong>maiore</strong></span> <span class='ocrx_word' id='word_1_241' title='bbox 853 3261 924 3304; x_wconf 91' lang='lat' dir='ltr'><strong>eum</strong></span> <span class='ocrx_word' id='word_1_242' title='bbox 946 3241 1083 3308; x_wconf 88' lang='lat' dir='ltr'><strong>faenore.</strong></span> 
     </span>
     <span class='ocr_line' id='line_1_31' title="bbox 55 3339 1085 3423; baseline 0.005 -18"><span class='ocrx_word' id='word_1_243' title='bbox 55 3340 254 3421; x_wconf 79' lang='lat' dir='ltr'><strong>Quamquam</strong></span> <span class='ocrx_word' id='word_1_244' title='bbox 283 3360 334 3405; x_wconf 88' lang='lat' dir='ltr'><strong>me</strong></span> <span class='ocrx_word' id='word_1_245' title='bbox 364 3339 490 3421; x_wconf 90' lang='lat' dir='ltr'><strong>quidem</strong></span> <span class='ocrx_word' id='word_1_246' title='bbox 521 3361 584 3406; x_wconf 92' lang='lat' dir='ltr'><strong>non</strong></span> <span class='ocrx_word' id='word_1_247' title='bbox 614 3341 733 3406; x_wconf 88' lang='lat' dir='ltr'><strong>fruetus</strong></span> <span class='ocrx_word' id='word_1_248' title='bbox 763 3341 870 3423; x_wconf 89' lang='lat' dir='ltr'><strong>modo,</strong></span> <span class='ocrx_word' id='word_1_249' title='bbox 902 3344 958 3409; x_wconf 86' lang='lat' dir='ltr'><strong>sed</strong></span> <span class='ocrx_word' id='word_1_250' title='bbox 990 3346 1085 3410; x_wconf 89' lang='lat' dir='ltr'><strong>etiam</strong></span> 
     </span>
     <span class='ocr_line' id='line_1_32' title="bbox 54 3442 1084 3530; baseline 0.005 -23"><span class='ocrx_word' id='word_1_251' title='bbox 54 3443 154 3527; x_wconf 91' lang='lat' dir='ltr'><strong>ipsius</strong></span> <span class='ocrx_word' id='word_1_252' title='bbox 179 3450 280 3506; x_wconf 88' lang='lat' dir='ltr'><strong>terrae</strong></span> <span class='ocrx_word' id='word_1_253' title='bbox 302 3442 350 3507; x_wconf 88' lang='lat' dir='ltr'><strong>vis</strong></span> <span class='ocrx_word' id='word_1_254' title='bbox 372 3463 410 3507; x_wconf 89' lang='lat' dir='ltr'><strong>ac</strong></span> <span class='ocrx_word' id='word_1_255' title='bbox 432 3449 545 3508; x_wconf 89' lang='lat' dir='ltr'><strong>natura</strong></span> <span class='ocrx_word' id='word_1_256' title='bbox 568 3443 713 3508; x_wconf 84' lang='lat' dir='ltr'><strong>delectat.</strong></span> <span class='ocrx_word' id='word_1_257' title='bbox 760 3444 848 3521; x_wconf 78' lang='lat' dir='ltr'><strong>Quae</strong></span> <span class='ocrx_word' id='word_1_258' title='bbox 872 3466 942 3510; x_wconf 89' lang='lat' dir='ltr'><strong>cum</strong></span> <span class='ocrx_word' id='word_1_259' title='bbox 965 3449 1084 3530; x_wconf 81' lang='lat' dir='ltr'><strong>gremio</strong></span> 
     </span>
     <span class='ocr_line' id='line_1_33' title="bbox 55 3545 1085 3632; baseline 0.004 -22"><span class='ocrx_word' id='word_1_260' title='bbox 55 3545 173 3610; x_wconf 90' lang='lat' dir='ltr'><strong>mollito</strong></span> <span class='ocrx_word' id='word_1_261' title='bbox 203 3564 241 3608; x_wconf 89' lang='lat' dir='ltr'><strong>ac</strong></span> <span class='ocrx_word' id='word_1_262' title='bbox 270 3545 399 3611; x_wconf 86' lang='lat' dir='ltr'><strong>subacto</strong></span> <span class='ocrx_word' id='word_1_263' title='bbox 431 3566 574 3630; x_wconf 86' lang='lat' dir='ltr'><strong>sparsum</strong></span> <span class='ocrx_word' id='word_1_264' title='bbox 605 3566 713 3611; x_wconf 89' lang='lat' dir='ltr'><strong>semen</strong></span> <span class='ocrx_word' id='word_1_265' title='bbox 737 3548 872 3630; x_wconf 87' lang='lat' dir='ltr'><strong>excepit,</strong></span> <span class='ocrx_word' id='word_1_266' title='bbox 896 3549 1085 3632; x_wconf 86' lang='lat' dir='ltr'><strong>primumid</strong></span> 
     </span>
     <span class='ocr_line' id='line_1_34' title="bbox 54 3646 1084 3732; baseline 0.004 -20"><span class='ocrx_word' id='word_1_267' title='bbox 54 3651 253 3713; x_wconf 87' lang='lat' dir='ltr'><strong>occaecatum</strong></span> <span class='ocrx_word' id='word_1_268' title='bbox 284 3646 422 3728; x_wconf 89' lang='lat' dir='ltr'><strong>cohibet,</strong></span> <span class='ocrx_word' id='word_1_269' title='bbox 453 3668 494 3713; x_wconf 93' lang='lat' dir='ltr'><strong>ex</strong></span> <span class='ocrx_word' id='word_1_270' title='bbox 525 3668 586 3730; x_wconf 91' lang='lat' dir='ltr'><strong>quo</strong></span> <span class='ocrx_word' id='word_1_271' title='bbox 616 3648 750 3729; x_wconf 86' lang='lat' dir='ltr'><strong>occatio,</strong></span> <span class='ocrx_word' id='word_1_272' title='bbox 779 3670 860 3730; x_wconf 85' lang='lat' dir='ltr'><strong>quae</strong></span> <span class='ocrx_word' id='word_1_273' title='bbox 890 3650 948 3714; x_wconf 91' lang='lat' dir='ltr'><strong>hoe</strong></span> <span class='ocrx_word' id='word_1_274' title='bbox 978 3651 1084 3732; x_wconf 87' lang='lat' dir='ltr'><strong>efficit,</strong></span> 
     </span>
     <span class='ocr_line' id='line_1_35' title="bbox 55 3748 1104 3838; baseline -0.001 -24"><span class='ocrx_word' id='word_1_275' title='bbox 55 3748 217 3814; x_wconf 86' lang='lat' dir='ltr'><strong>nominata</strong></span> <span class='ocrx_word' id='word_1_276' title='bbox 246 3755 303 3832; x_wconf 82' lang='lat' dir='ltr'><strong>est,</strong></span> <span class='ocrx_word' id='word_1_277' title='bbox 332 3748 447 3815; x_wconf 87' lang='lat' dir='ltr'><strong>deiude</strong></span> <span class='ocrx_word' id='word_1_278' title='bbox 476 3749 670 3837; x_wconf 88' lang='lat' dir='ltr'><strong>tepefactum</strong></span> <span class='ocrx_word' id='word_1_279' title='bbox 699 3771 819 3838; x_wconf 75' lang='lat' dir='ltr'><strong>uapore</strong></span> <span class='ocrx_word' id='word_1_280' title='bbox 848 3760 884 3816; x_wconf 83' lang='lat' dir='ltr'><strong>et</strong></span> <span class='ocrx_word' id='word_1_281' title='bbox 911 3772 1104 3832; x_wconf 69' lang='lat' dir='ltr'><strong>eompxesxu</strong></span> 
     </span>
    </p>
   </div>
   <div class='ocr_carea' id='block_1_4' title="bbox 0 0 1280 4088">
    <p class='ocr_par' dir='ltr' id='par_1_4' title="bbox 0 0 1280 4088">
     <span class='ocr_line' id='line_1_36' title="bbox 0 0 1280 4088; baseline 0 0"><span class='ocrx_word' id='word_1_282' title='bbox 0 0 1280 4088; x_wconf 95' lang='lat' dir='ltr'><strong> </strong></span> 
     </span>
    </p>
   </div>
  </div>
 </body>
</html>
