2572 4088
122 99 164 162 12
363 113 462 169 cATO
480 113 600 169 MAIOR
618 114 666 168 DE
685 114 907 170 SENEOTUTE.

120 287 204 354 euim
227 287 350 352 tertiam
372 292 508 351 aetatem
530 286 690 351 bominum
713 286 851 368 videbat,
874 307 934 352 nee
956 294 1024 353 erat
1046 289 1076 354 ei
1099 309 1149 354 ve-

119 389 261 471 rendum,
284 411 325 453 ne
347 409 422 454 vere
444 388 630 472 praedicans
652 389 692 454 de
719 410 753 455 se
783 390 877 455 nimis
906 391 1067 456 videretur
1096 396 1150 455 aut

119 494 258 558 insolens
279 498 335 557 aut
356 493 481 576 loquax.
519 493 654 574 Etenim,
677 500 713 557 ut
734 493 779 557 ait
800 494 964 575 Homerus,
988 486 1046 560 ‘ex
1071 493 1149 558 eius

118 596 249 679 lingua
270 596 380 659 melle
402 595 547 660 dulcior
569 595 714 660 fluebat
736 592 876 677 oratio',
900 616 995 677 quam
1017 595 1060 659 ad
1083 616 1149 661 sua·

8 728 10 741 ·
119 699 249 764 vitatem
271 698 365 763 nullis
387 693 502 782 egebat
524 698 661 782 corporis
683 698 810 763 viribus.
838 698 879 763 Et
893 705 999 762 tamen
1017 697 1082 762 dux
1097 698 1148 762 ille

120 801 271 866 Graeciae
293 821 448 884 nusquam
471 807 567 885 optat,
582 806 618 865 ut
632 800 739 866 Aiacis
760 801 878 866 similes
896 801 1014 866 habeat
1029 799 1148 880 decem,

119 903 176 969 sed
195 911 229 968 ut
244 904 403 989 Nestoris,
426 902 510 985 quod
531 903 558 968 si
581 903 642 968 sibi
664 902 823 983 acciderit,
838 923 902 967 uon
925 903 1057 984 dubitat,
1075 902 1148 984 quin

68 1022 101 1070 aa
119 1007 209 1084 brevi
231 1006 271 1071 sit
285 1006 380 1070 Troia
400 1005 546 1091 peritura.
571 1004 635 1071 Sed
657 1004 752 1070 redeo
773 1004 815 1069 ad
837 1025 896 1069 1113.
921 1004 1074 1081 Quartum
1089 1024 1148 1088 ago

120 1130 238 1173 annum
267 1115 299 1173 et
329 1108 570 1192 octogesimum
605 1108 719 1172 vellem
746 1107 891 1189 equidem
918 1106 1004 1172 idem
1026 1127 1149 1193 possem

119 1212 255 1297 gloriari,
280 1210 363 1293 quod
386 1210 497 1293 (tyrus,
520 1209 577 1276 sed
606 1216 713 1274 tamen
741 1209 802 1274 hoe
833 1229 913 1292 queo
943 1209 1058 1291 dicere,
1087 1230 1149 1275 nou

120 1335 172 1379 me
191 1313 318 1396 quidem
336 1314 374 1379 113
393 1333 462 1379 3333
481 1313 609 1394 viribus,
625 1314 738 1396 quibus
757 1319 811 1377 aut
830 1314 920 1378 miles
934 1314 1016 1378 bello
1031 1314 1148 1378 Punico

120 1425 176 1483 aut
197 1424 343 1499 quaestor
365 1417 475 1482 eodem
498 1418 579 1482 bello
601 1424 656 1482 aut
678 1418 786 1482 consul
807 1418 840 1482 in
860 1418 1016 1502 Hispania
1037 1418 1149 1482 fuerim

83 1587 88 1597 ,
121 1529 176 1586 aut
202 1520 407 1602 quadriennio
433 1526 513 1604 post,
537 1540 607 1584 cum
633 1521 776 1585 tribunus
803 1521 946 1586 militaris
969 1518 1149 1605 depugnavi

121 1622 206 1709 apud
227 1622 456 1706 Thermopylas
477 1623 528 1688 Μ’.
545 1623 646 1688 Acilio
669 1623 838 1688 Glabrione
865 1624 1003 1704 consule,
1027 1622 1084 1688 sed
1108 1630 1148 1686 ta-

121 1747 204 1808 men,
227 1732 262 1790 ut
282 1746 339 1791 vos
361 1725 486 1805 videtis,
510 1746 571 1790 non
601 1727 695 1809 plane
725 1746 776 1791 me
806 1727 979 1806 enervavit,
1003 1747 1068 1791 uon
1097 1726 1149 1790 ad-

121 1829 204 1895 flixit
233 1835 386 1908 senectus,
410 1848 474 1892 non
500 1828 587 1892 curia
611 1829 694 1893 vires
719 1849 806 1893 meas
828 1827 996 1909 desiderat,
1020 1849 1084 1893 non
1106 1849 1149 1892 ro-

122 1940 195 2013 stra,
222 1953 285 1997 non
310 1931 413 2012 amici,
436 1951 500 1996 non
527 1931 665 2013 clientes,
692 1952 754 1996 uon
783 1931 930 2015 hospites.
975 1932 1045 1996 Neo
1067 1932 1149 1996 enim

122 2055 271 2118 umquam
294 2054 362 2099 sum
385 2034 538 2100 adsensus
559 2035 658 2100 veteri
681 2034 725 2098 illi
755 2034 943 2117 laudatoque
972 2035 1148 2119 proverbio,

122 2137 205 2221 quod
224 2143 330 2202 monet
348 2129 500 2202 ‘mature
523 2138 608 2202 lieri
631 2157 771 2218 senem,
787 2138 819 2203 si
837 2136 899 2202 diu
919 2137 1016 2202 velis
1034 2157 1150 2202 senex

9 2276 13 2283 ·
122 2234 226 2307 esse.²
258 2240 325 2323 Ego
340 2260 415 2305 vero
429 2259 480 2303 me
495 2240 598 2304 minus
614 2239 667 2303 diu
683 2259 791 2304 senem
814 2259 883 2304 esse
906 2239 1032 2304 mallem
1056 2260 1150 2321 quam

122 2364 191 2408 osse
214 2363 331 2423 senem,
354 2349 427 2407 ante
450 2362 544 2424 quam
568 2362 678 2407 essem.
706 2344 818 2424 ltaque
839 2362 931 2407 nemo
953 2342 1058 2407 adhue
1081 2363 1150 2408 con-

71 2467 104 2514 33
123 2446 230 2511 venire
251 2465 303 2510 me
323 2445 431 2526 voluit,
448 2445 497 2509 eui
519 2445 632 2509 luerim
655 2453 832 2528 occupatus.
856 2446 899 2509 At
921 2445 1024 2510 minus
1047 2445 1150 2511 habeo

123 2550 235 2614 virium
258 2568 353 2629 quam
375 2553 513 2612 vestrum
535 2548 662 2612 utervis
705 2550 755 2612 Ne
777 2569 833 2614 vos
856 2548 983 2630 quidem
1005 2550 1041 2612 T.
1059 2549 1149 2612 Ponti

122 2651 311 2719 centurionis
333 2651 416 2728 vires
439 2649 578 2733 habetis3
609 2671 684 2714 uum
707 2649 823 2717 idcirco
846 2658 894 2716 est
916 2652 969 2715 1113
990 2658 1150 2734 praestan-

122 2753 204 2819 tior?
226 2751 398 2818 Moderatio
421 2752 514 2816 modo
536 2753 650 2817 virium
671 2752 764 2834 adsit,
788 2761 819 2818 et
841 2759 974 2834 tantum,
998 2760 1150 2834 quantum

121 2850 223 2941 potest
245 2856 386 2937 quisque,
409 2855 543 2938 nitatur3
570 2874 611 2920 ne
632 2855 685 2919 ille
706 2875 769 2920 non
792 2876 906 2940 magno
929 2854 1085 2921 desiderio
1109 2863 1150 2922 te·

122 2959 246 3024 nebitur
275 2958 396 3022 virium.
443 2956 609 3041 Olympiae
638 2978 695 3041 per
724 2958 860 3023 stadium
889 2959 1050 3042 ingressus
1081 2979 1151 3024 esse

121 3063 194 3126 Milo
216 3060 338 3143 dicitur,
363 3080 432 3124 cum
454 3059 594 3126 humeris
616 3062 784 3126 sustineret
805 3064 928 3127 bovem.
960 3062 1073 3127 Utrum
1095 3063 1151 3147 igi-

121 3163 250 3229 turbas
273 3164 409 3246 corporis
433 3183 476 3226 an
497 3163 698 3246 Pythagorae
725 3164 781 3229 tibi
807 3165 897 3229 malis
920 3165 1003 3229 vires
1029 3165 1150 3249 ingenii

121 3268 213 3333 dari?
258 3267 403 3348 Denique
425 3266 485 3330 isto
508 3267 590 3332 bono
613 3274 711 3348 utare,
736 3266 811 3331 dum
832 3266 932 3350 ausit,
961 3288 1032 3332 cum
1055 3269 1149 3350 absit,

120 3389 161 3434 ne
190 3369 340 3451 requiras,
366 3368 428 3432 nisi
457 3367 536 3432 forte
566 3367 783 3435 adulescentes
813 3369 989 3453 pueritiam,
1022 3372 1150 3455 paulum

119 3477 223 3536 aetate
245 3471 401 3554 progressi
424 3468 669 3535 adulescentiam
692 3470 810 3537 debent
830 3473 998 3554 requirere.
1032 3475 1150 3540 Cursus

108 3562 168 3639 'est
194 3579 295 3637 certus
321 3573 434 3637 aetatis
463 3578 495 3636 et
525 3592 587 3638 una
616 3574 670 3638 via
698 3582 838 3655 naturae,
870 3596 970 3657 eaque
1003 3576 1148 3659 simplex,

25 3762 28 3769 Ι
120 3695 239 3758 suaque
262 3675 374 3757 cuique
397 3676 478 3759 parti
500 3676 614 3742 aetatis
636 3677 865 3762 tempestivitas
888 3687 936 3744 est
958 3677 1043 3760 data,
1065 3686 1151 3744 utet
