2572 4088
410 127 493 183 cAP.
506 131 583 186 6-8.
601 133 616 193 5
629 131 738 186 19-25.
1068 114 1089 178 9

54 303 230 388 Sophocles
248 301 290 367 ad
309 322 464 367 summam
484 308 679 367 senectutem
699 303 878 386 tragoedias
894 303 982 388 fecit3
1006 303 1090 386 quod

55 415 185 492 propter
210 405 348 472 studium
375 424 446 469 cum
473 426 541 470 rem
568 406 737 490 neglegere
762 407 948 472 familiarem
971 407 1089 472 videre

56 516 116 591 tur,
131 530 153 574 a
174 509 247 574 filiis
268 510 302 573 in
324 508 474 573 iudicium
496 516 627 574 vocatus
650 516 706 591 est,
723 516 767 591 ut,
783 530 877 592 quern
898 511 941 575 ad
962 510 1089 576 modum

57 620 164 679 nostro
190 632 277 678 more
303 611 386 676 male
411 631 478 676 rem
505 612 689 695 gerentibus
715 612 858 697 patribus
879 614 971 679 bonis
996 614 1090 678 inter-

58 715 119 780 dici
143 715 233 796 solet,
255 715 302 779 sic
322 714 410 778 illum
433 714 523 795 quasi
545 713 754 799 desipientem
775 737 797 780 a
818 737 852 782 re
873 716 1019 781 familiari
1044 735 1090 781 re·

58 824 222 884 moverent
236 816 366 886 iudices.
390 818 471 880 Tum
487 837 586 882 senex
608 816 722 882 dicitur
744 839 815 883 eam
830 819 979 899 fabulam,
995 839 1089 902 quam

59 921 89 985 in
111 921 260 986 manibus
281 919 421 985 habebat
443 926 476 985 et
497 920 642 1004 proxime
664 922 840 1005 scripserat,
856 921 1011 1007 Oedipum
1032 924 1089 989 Oc

59 1024 194 1104 loneum,
217 1024 368 1088 recitasse
393 1022 549 1088 iudicibus
572 1024 805 1106 quaesisseque,
828 1045 903 1089 num
926 1024 1004 1089 illud
1025 1046 1089 1089 car-

58 1148 130 1193 men
152 1126 337 1211 desipientis
359 1125 526 1191 videretur.
572 1125 641 1202 Quo
668 1128 797 1192 recitato
824 1130 989 1193 sententiis
1011 1127 1088 1193 iudi·

59 1251 128 1295 cum
143 1236 193 1296 est
206 1230 365 1296 liberatus.
393 1230 478 1293 Num
500 1229 595 1313 igitur
617 1229 710 1311 hunc,
725 1250 800 1294 num
816 1232 996 1311 Homerum,
1011 1251 1087 1296 num
1106 1247 1138 1294 aa

58 1331 241 1413 Hesiodum,
256 1330 461 1413 Simonidem,
477 1332 700 1412 Stesichorum,
716 1352 801 1412 num,
818 1352 896 1414 quos
914 1339 989 1398 ante
1009 1333 1087 1414 dixi,

58 1439 238 1516 Isocratem,
252 1435 413 1519 Gorgiam,
429 1455 505 1499 num
520 1434 773 1520 philosophorum
789 1436 957 1521 principes,
972 1437 1087 1521 Pytha-

58 1560 175 1624 goram,
202 1538 426 1618 Democritum,
453 1559 529 1603 num
558 1539 732 1619 Platonem,
759 1560 835 1603 num
864 1540 1086 1621 Xenocratem,

59 1664 132 1708 num
162 1648 273 1726 postea
301 1643 472 1721 Zenonem,
496 1640 680 1706 Cleanthem
709 1648 765 1705 aut
795 1661 876 1722 eum,
907 1662 1000 1724 quem
1030 1662 1087 1708 vos

58 1746 152 1810 etiam
174 1744 299 1809 vidistis
320 1746 448 1826 Romae,
471 1744 648 1827 Diogenem
671 1744 820 1825 Stoicum,
844 1745 945 1828 coegit
967 1745 999 1809 in
1022 1745 1087 1810 suis

58 1847 168 1914 studiis
191 1848 406 1913 obmutescere
429 1845 598 1912 senectus?
642 1847 693 1910 An
719 1847 752 1911 in
780 1847 925 1912 omnihus
952 1848 1001 1912 his
1027 1855 1085 1912 stu-

57 1951 179 2016 diorum
201 1949 333 2034 agitatio
355 1949 440 2014 vitae
462 1948 604 2030 aequalis
625 1949 709 2013 fuit?
736 1950 816 2033 Age,
839 1955 874 2013 ut
894 1949 956 2014 ista
979 1950 1087 2015 divina
1104 1973 1137 2020 24

57 2053 162 2120 studia
183 2053 373 2132 omittamus,
396 2072 522 2137 possum
549 2052 711 2116 nominare
738 2072 778 2117 ex
801 2072 877 2135 agro
900 2053 1017 2119 Sabino
1039 2073 1086 2117 ru·

57 2159 152 2224 sticos
179 2158 348 2237 Romanos,
371 2155 491 2221 vicinos
518 2161 550 2220 et
577 2155 748 2220 familiares
775 2175 871 2235 meos,
895 2155 1007 2238 quibus
1033 2157 1086 2221 ab·

56 2260 199 2326 sentibus
218 2279 389 2349 numquam
411 2258 478 2322 fere
500 2258 563 2322 ulla
585 2257 619 2321 in
640 2277 716 2339 agro
739 2257 858 2322 maiora
879 2277 975 2343 opera
996 2258 1085 2339 fiunt,

56 2384 120 2428 non
142 2361 294 2442 serendis,
317 2381 380 2425 non
401 2358 621 2444 percipiendis,
642 2380 704 2424 non
729 2360 902 2426 condendis
923 2361 1084 2426 fructibus.

56 2467 255 2547 Quamquam
282 2465 314 2528 in
337 2464 406 2529 aliis
429 2464 532 2527 minus
553 2463 614 2528 hoc
643 2464 754 2527 mirum
785 2470 849 2547 est;
880 2484 972 2528 nemo
1002 2465 1085 2528 enim

58 2576 106 2635 est
131 2575 196 2633 tam
223 2587 332 2648 senex,
356 2567 409 2648 qui
436 2586 471 2631 se
497 2587 615 2631 annum
641 2586 705 2631 non
731 2573 822 2650 putet
846 2586 938 2650 posse
961 2567 1084 2650 vivere,

57 2672 114 2738 sed
136 2671 275 2736 idem⁸in
295 2670 341 2735 eis
357 2670 528 2749 elaborant,
545 2689 626 2752 quae
641 2670 744 2734 sciunt
760 2669 839 2733 nihil
853 2667 895 2733 ad
910 2689 945 2734 se
960 2669 1085 2734 omnino

56 2775 230 2861 pertinere:
261 2767 372 2839 ‘Serit
392 2773 560 2853 arbores,
584 2792 678 2854 quae
700 2772 812 2837 alteri
836 2772 988 2837 saeculo
1010 2792 1086 2856 pro·

57 2874 176 2958 sient',
203 2882 239 2941 ut
265 2876 309 2940 ait
332 2876 450 2941 Statius
477 2881 582 2940 noster
610 2875 643 2939 in
666 2874 876 2958 Synephebis.
921 2874 989 2939 Neo
1012 2894 1085 2938 vero
1105 2895 1137 2944 aa

57 2981 182 3047 dubitat
207 2980 354 3063 agricola,
378 2979 522 3060 quamvis
548 2978 589 3042 sit
615 2997 723 3058 senex,
746 2978 909 3060 quaerenti
932 2977 980 3042 cui
1004 2983 1087 3042 serat

57 3083 263 3167 respondere:
301 3074 378 3145 ‘Dis
407 3080 685 3162 inmortalibus
717 3081 779 3162 qui
808 3100 864 3144 me
892 3101 964 3145 non
995 3080 1086 3144 acci·
1185 3124 1188 3131 -

57 3206 145 3272 pere
167 3184 272 3250 modo
295 3184 387 3248 haec
409 3204 429 3247 a
444 3182 648 3248 maioribus
662 3184 878 3264 voluerunt,
894 3182 959 3249 sed
975 3183 1087 3247 etiam

57 3289 222 3375 posteris
243 3281 422 3371 prodere.³
462 3288 504 3351 Et
525 3286 637 3351 melius
659 3286 814 3353 Caecilius
837 3286 877 3352 de
899 3305 976 3352 sene
997 3286 1087 3351 alteri

58 3392 183 3460 saeculo
205 3391 414 3475 prospiciente
437 3410 531 3471 quam
552 3389 630 3454 illud
652 3389 752 3455 idem:

101 3494 258 3578 Edepdl,
281 3500 469 3574 senectus,
494 3497 525 3557 si
546 3492 600 3556 nil
622 3493 819 3574 quicquam
841 3489 945 3555 alirid
966 3490 1035 3559 vit·

101 3599 289 3681 Adportes
309 3602 444 3675 tecum,
465 3615 544 3659 cum
564 3594 737 3674 advenis,
753 3614 864 3659 unum
883 3590 923 3661 ld
955 3596 976 3675 f

103 3699 208 3778 Quod
230 3699 289 3763 diu
314 3697 477 3764 vivendo
499 3698 628 3777 multa,
652 3717 746 3778 quae
768 3716 840 3777 non
861 3694 934 3813 νύ]ι

877 3790 926 3815 ‚,.
