2572 4088
447 145 529 200 car.
543 151 585 212 rs,
598 149 638 201 1s
656 151 795 211 ssi-se
1092 134 1134 200 21

109 318 261 384 Hesiodus
282 338 323 385 ue
345 320 475 388 verbum
499 319 627 401 quidem
650 319 735 399 feeit,
758 341 829 384 cum
852 321 893 386 dc
920 324 1041 388 cultura
1065 323 1134 409 agri

108 420 263 487 scriberet
287 423 330 487 At
344 423 510 502 Homerus,
532 423 587 504 qui
608 423 724 503 multis,
747 431 781 486 ut
804 423 881 489 mibi
904 425 1037 506 videtur,
1058 435 1135 491 aute

108 525 239 590 sacculis
267 525 336 605 fuit,
366 527 511 590 laertam
541 526 712 590 lenientem
741 525 942 608 desiderium,
972 528 1057 610 quod
1086 549 1136 594 cs·

107 625 213 709 piebat
225 647 245 692 e
258 626 332 708 filio,
348 628 503 693 colentem
517 649 629 712 agrum
652 635 685 692 et
707 649 778 693 enm
801 638 1025 696 stercorantem
1047 631 1133 696 facit

106 729 172 794 Nec
190 749 266 795 vero
283 731 445 815 segetibus
467 731 567 796 solum
590 738 622 796 et
643 732 743 816 pratis
765 739 798 796 et
819 732 923 797 vincis
943 741 977 799 et
997 733 1135 799 arbustis

106 850 155 898 res
176 834 310 899 rusticae
336 835 438 900 laetae
467 842 551 915 sunt,
574 835 632 900 sed
661 834 760 900 bortis
790 836 884 900 etiam
915 843 948 900 et
975 837 1133 920 pomariis,

106 941 170 1000 tum
192 936 347 1021 pecudum
370 945 472 1022 pastu,
493 938 601 1022 apium
629 938 839 1018 examinibus,
861 938 972 1003 florum
994 940 1135 1004 omnium

107 1038 265 1105 varietate.
293 1040 362 1105 Nec
383 1041 573 1106 consitiones
593 1038 687 1105 modo
709 1039 878 1120 delectant,
894 1041 951 1106 sed
974 1042 1067 1106 etiam
1090 1042 1135 1106 iu-

106 1141 242 1224 sitiones,
257 1143 372 1225 quibus
393 1143 472 1208 nihil
493 1144 616 1208 invenit
637 1144 708 1227 agri
729 1144 850 1208 cultura
871 1144 1035 1211 sollertius.
1062 1145 1136 1210 Pos·
1153 1124 1187 1245 {g

106 1263 172 1309 sum
199 1246 344 1329 persequi
370 1247 525 1330 permulta
551 1246 783 1312 oblectamenta
808 1266 911 1312 rerum
938 1247 1135 1329 rusticarum,

106 1346 160 1413 sed
182 1367 222 1413 ea
243 1349 322 1433 ipsa,
346 1369 428 1432 quae
449 1349 527 1428 dixi,
550 1351 653 1415 sentio
675 1349 774 1414 fuisse
796 1349 946 1433 longiora.
991 1351 1134 1434 Ignosce-

106 1450 145 1516 tis
174 1457 296 1534 autem;
326 1472 400 1517 nam
431 1460 463 1517 et
492 1452 595 1518 studio
626 1454 810 1518 rusticarum
837 1473 941 1519 rerum
968 1462 1135 1538 provectus

106 1573 182 1634 sum,
206 1561 238 1618 et
266 1561 412 1620 senectus
442 1561 490 1621 est
519 1562 633 1619 natura
660 1555 828 1638 loquacior,
851 1575 891 1621 ne
920 1558 961 1622 ab
990 1556 1135 1630 omnibus

106 1676 174 1721 eam
196 1657 281 1722 vitiis
303 1656 412 1723 videar
434 1657 604 1724 vindicare.
634 1659 718 1741 Ergo
738 1659 770 1722 in
791 1658 851 1723 hae
866 1659 932 1723 vita
947 1659 997 1722 Μ’.
1012 1658 1133 1739 Curius,

105 1779 173 1824 cum
197 1759 237 1825 de
259 1760 463 1843 Samnitibus,
478 1760 520 1826 de
542 1761 678 1842 Sabinis,
693 1761 735 1827 de
756 1760 878 1844 Pyrrho
901 1760 1135 1844 triumphasset,

105 1863 296 1947 consumpsit
315 1870 491 1928 extremum
513 1871 637 1948 tempus
659 1864 781 1931 aetatis.
807 1863 903 1930 Cuius
926 1862 1052 1944 quidem
1073 1883 1134 1947 ego

105 1964 210 2029 villam
237 1967 452 2049 contemplans
479 1965 583 2052 (abest
609 1966 694 2030 enim
721 1986 784 2030 non
810 1966 904 2047 longe
930 1984 950 2027 a
975 1963 1060 2049 mea)
1082 1964 1134 2032 ad-

104 2067 209 2132 mirari
228 2068 304 2132 satis
322 2088 385 2132 non
407 2088 535 2152 possum
558 2068 609 2132 vel
630 2066 767 2133 hominis
788 2068 887 2151 ipsius
910 2066 1133 2131 continentiam

104 2169 155 2236 vel
174 2175 351 2254 temporum
373 2169 580 2255 disciplinam.
620 2170 714 2240 Curio
735 2169 778 2235 ad
800 2168 904 2234 focum
927 2167 1050 2234 sedenti
1073 2189 1135 2233 mu·

104 2293 201 2356 gnum
230 2273 299 2338 anri
328 2272 451 2358 pondus
478 2274 636 2340 Samnites
666 2292 735 2350 cum
765 2272 953 2354 attulissent,
980 2270 1135 2355 repudiati

105 2381 196 2460 sunt3
224 2395 287 2441 non
318 2376 401 2441 enim
432 2396 543 2440 aurum
572 2375 690 2440 habere
719 2374 914 2457 praeclarum
944 2372 1005 2438 sibi
1035 2372 1135 2438 videri

104 2476 196 2558 dixit,
219 2477 276 2542 sed
297 2478 353 2557 eis,
377 2478 430 2560 qui
452 2477 607 2541 haberent
627 2496 748 2555 aurum,
771 2476 933 2559 imperare.
968 2475 1135 2540 Poteratne
1153 2501 1186 2549 aa

104 2586 211 2645 tantus
233 2579 356 2645 animus
379 2600 443 2646 non
469 2578 594 2658 efficere
616 2577 786 2643 iucundum
808 2575 1026 2642 senectutem?
1071 2575 1135 2643 Sed

105 2682 198 2747 venio
217 2681 258 2747 ad
277 2682 441 2768 agricolas,
457 2702 498 2747 ne
518 2703 537 2746 a
557 2703 607 2746 me
622 2681 691 2765 ipso
706 2679 861 2745 recedam.
892 2679 930 2743 In
945 2678 1030 2762 agris
1046 2684 1136 2744 erant

105 2792 171 2850 tum
193 2791 364 2866 senatores,
386 2785 420 2849 id
443 2790 489 2848 est
512 2803 614 2864 senes,
634 2781 789 2865 siquidem
812 2781 914 2845 aranti
936 2781 971 2847 L.
989 2779 1136 2856 Quinctio

106 2887 293 2954 Cincinnato
322 2887 500 2965 nuntiatum
532 2892 580 2950 est
606 2906 677 2950 eum
700 2883 884 2948 dictatorem
908 2901 977 2948 ease
999 2882 1135 2966 factum;

106 2990 194 3057 cuius
213 2989 374 3056 dictatoris
393 2990 480 3055 iussu
496 2988 647 3072 magister
662 2985 800 3068 equitum
817 2986 850 3051 G.
869 2985 1019 3051 Servilius
1035 2984 1137 3049 Ahala

106 3094 160 3177 Sp.
180 3093 329 3162 Maelium
356 3111 489 3175 regnum
519 3089 721 3174 adpetentem
751 3092 937 3171 occupatum
968 3087 1134 3153 interemit.

106 3193 232 3259 Arilla
258 3195 290 3258 in
318 3200 461 3259 senatum
488 3191 705 3274 arcessebatur
732 3197 764 3256 et
787 3189 897 3255 Curius
921 3195 951 3254 et
975 3188 1069 3254 ceteri
1092 3208 1137 3254 se·

106 3315 174 3377 nes,
190 3316 230 3361 ex
254 3316 324 3377 quo,
341 3296 393 3378 qui
416 3315 471 3361 eos
492 3293 705 3373 arcessebant,
721 3292 857 3358 viatores
879 3289 1032 3356 nominati
1055 3296 1135 3355 sunt.

107 3399 191 3462 Num
212 3397 308 3481 igitur
330 3397 439 3463 horum
462 3404 608 3463 senectus
630 3394 817 3462 miserabilis
845 3393 913 3473 fuit,
938 3392 1047 3474 quise
1070 3392 1136 3474 agri

108 3500 244 3566 cultione
271 3500 495 3565 oblectabant?
539 3499 610 3566 Mea
634 3498 760 3581 quidem
787 3495 944 3561 sententia
966 3493 1050 3559 haud
1073 3494 1138 3559 scio

107 3623 148 3667 an
176 3602 261 3666 nulla
288 3603 408 3669 beatior
435 3602 533 3687 possit
560 3621 639 3684 esse,
662 3619 764 3681 neque
791 3599 891 3664 solum
917 3596 1030 3679 officio,
1054 3593 1138 3690 quod
1158 3466 1242 3839 s

108 3705 269 3769 hominum
296 3706 405 3789 generi
432 3705 579 3770 universo
602 3703 722 3769 cultura
744 3720 889 3787 agrorum
912 3706 960 3766 est
976 3697 1138 3793 salutaris,
