<?xml version="1.0" encoding="UTF-8"?>
<!DOCTYPE html PUBLIC "-//W3C//DTD XHTML 1.0 Transitional//EN"
    "http://www.w3.org/TR/xhtml1/DTD/xhtml1-transitional.dtd">
<html xmlns="http://www.w3.org/1999/xhtml" xml:lang="en" lang="en">
 <head>
  <title>
</title>
<meta http-equiv="Content-Type" content="text/html;charset=utf-8" />
  <meta name='ocr-system' content='tesseract 3.04.00' />
  <meta name='ocr-capabilities' content='ocr_page ocr_carea ocr_par ocr_line ocrx_word'/>
</head>
<body>
  <div class='ocr_page' id='page_1' title='image "./catomaiordesene00cicegoog_0038.png"; bbox 0 0 2572 4088; ppageno 0'>
   <div class='ocr_carea' id='block_1_1' title="bbox 448 119 1113 201">
    <p class='ocr_par' dir='ltr' id='par_1_1' title="bbox 448 119 1113 201">
     <span class='ocr_line' id='line_1_1' title="bbox 448 119 1113 201; baseline -0.009 -13"><span class='ocrx_word' id='word_1_1' title='bbox 448 133 527 188; x_wconf 76' lang='lat' dir='ltr'><strong>cue.</strong></span> <span class='ocrx_word' id='word_1_2' title='bbox 540 138 565 201; x_wconf 86' lang='lat'><strong>5,</strong></span> <span class='ocrx_word' id='word_1_3' title='bbox 578 137 601 188; x_wconf 84' lang='lat' dir='ltr'><strong>c.</strong></span> <span class='ocrx_word' id='word_1_4' title='bbox 620 135 757 196; x_wconf 73' lang='lat' dir='ltr'><strong>§ra-19.</strong></span> <span class='ocrx_word' id='word_1_5' title='bbox 1095 119 1113 182; x_wconf 75' lang='lat' dir='ltr'><strong>t</strong></span> 
     </span>
    </p>
   </div>
   <div class='ocr_carea' id='block_1_2' title="bbox 85 307 1232 3780">
    <p class='ocr_par' dir='ltr' id='par_1_2' title="bbox 87 307 1165 907">
     <span class='ocr_line' id='line_1_2' title="bbox 87 307 1114 392; baseline 0.001 -21"><span class='ocrx_word' id='word_1_6' title='bbox 87 307 195 372; x_wconf 77' lang='lat' dir='ltr'><strong>(leteri-</strong></span> <span class='ocrx_word' id='word_1_7' title='bbox 212 328 313 389; x_wconf 87' lang='lat' dir='ltr'><strong>senes,</strong></span> <span class='ocrx_word' id='word_1_8' title='bbox 333 308 480 387; x_wconf 81' lang='lat' dir='ltr'>Fabricii,</span> <span class='ocrx_word' id='word_1_9' title='bbox 501 309 596 388; x_wconf 76' lang='lat' dir='ltr'><strong>Curii,</strong></span> <span class='ocrx_word' id='word_1_10' title='bbox 617 307 816 388; x_wconf 82' lang='lat' dir='ltr'><strong>Coruncanii,</strong></span> <span class='ocrx_word' id='word_1_11' title='bbox 837 327 907 372; x_wconf 91' lang='lat' dir='ltr'><strong>cum</strong></span> <span class='ocrx_word' id='word_1_12' title='bbox 928 328 994 373; x_wconf 90' lang='lat' dir='ltr'><strong>rem</strong></span> <span class='ocrx_word' id='word_1_13' title='bbox 1016 308 1114 392; x_wconf 90' lang='lat' dir='ltr'><strong>publi·</strong></span> 
     </span>
     <span class='ocr_line' id='line_1_3' title="bbox 89 410 1113 494; baseline 0.002 -20"><span class='ocrx_word' id='word_1_14' title='bbox 89 430 156 474; x_wconf 89' lang='lat' dir='ltr'><strong>uam</strong></span> <span class='ocrx_word' id='word_1_15' title='bbox 183 412 312 476; x_wconf 93' lang='lat' dir='ltr'><strong>consilio</strong></span> <span class='ocrx_word' id='word_1_16' title='bbox 339 418 370 476; x_wconf 89' lang='lat' dir='ltr'><strong>et</strong></span> <span class='ocrx_word' id='word_1_17' title='bbox 396 412 582 476; x_wconf 88' lang='lat' dir='ltr'><strong>auctoritate</strong></span> <span class='ocrx_word' id='word_1_18' title='bbox 605 410 827 491; x_wconf 82' lang='lat' dir='ltr'><strong>defendebant,</strong></span> <span class='ocrx_word' id='word_1_19' title='bbox 851 411 928 475; x_wconf 91' lang='lat' dir='ltr'><strong>nihil</strong></span> <span class='ocrx_word' id='word_1_20' title='bbox 950 412 1113 494; x_wconf 86' lang='lat' dir='ltr'><strong>agebant?</strong></span> 
     </span>
     <span class='ocr_line' id='line_1_4' title="bbox 88 512 1165 598; baseline 0.004 -21"><span class='ocrx_word' id='word_1_21' title='bbox 88 512 136 577; x_wconf 84' lang='lat' dir='ltr'><strong>Ad</strong></span> <span class='ocrx_word' id='word_1_22' title='bbox 159 514 242 598; x_wconf 81' lang='lat' dir='ltr'><strong>Appi</strong></span> <span class='ocrx_word' id='word_1_23' title='bbox 266 514 377 579; x_wconf 81' lang='lat' dir='ltr'><strong>Olaudi</strong></span> <span class='ocrx_word' id='word_1_24' title='bbox 398 520 593 579; x_wconf 88' lang='lat' dir='ltr'><strong>senectutem</strong></span> <span class='ocrx_word' id='word_1_25' title='bbox 614 513 787 578; x_wconf 82' lang='lat' dir='ltr'><strong>accedebat</strong></span> <span class='ocrx_word' id='word_1_26' title='bbox 813 515 918 594; x_wconf 87' lang='lat' dir='ltr'><strong>etiam,</strong></span> <span class='ocrx_word' id='word_1_27' title='bbox 933 522 976 584; x_wconf 52' lang='lat' dir='ltr'><strong>,ut</strong></span> <span class='ocrx_word' id='word_1_28' title='bbox 1002 534 1114 579; x_wconf 89' lang='lat' dir='ltr'><strong>caecus</strong></span> <span class='ocrx_word' id='word_1_29' title='bbox 1134 534 1165 582; x_wconf 86' lang='lat' dir='ltr'><strong>rc</strong></span> 
     </span>
     <span class='ocr_line' id='line_1_5' title="bbox 90 617 1114 700; baseline 0.001 -20"><span class='ocrx_word' id='word_1_30' title='bbox 90 623 189 700; x_wconf 75' lang='lat' dir='ltr'><strong>esset,</strong></span> <span class='ocrx_word' id='word_1_31' title='bbox 223 624 329 681; x_wconf 89' lang='lat' dir='ltr'><strong>tamen</strong></span> <span class='ocrx_word' id='word_1_32' title='bbox 358 617 401 698; x_wconf 89' lang='lat' dir='ltr'><strong>is,</strong></span> <span class='ocrx_word' id='word_1_33' title='bbox 432 637 502 681; x_wconf 93' lang='lat' dir='ltr'><strong>cum</strong></span> <span class='ocrx_word' id='word_1_34' title='bbox 533 617 690 682; x_wconf 86' lang='lat' dir='ltr'><strong>sententia</strong></span> <span class='ocrx_word' id='word_1_35' title='bbox 721 624 849 682; x_wconf 91' lang='lat' dir='ltr'><strong>senatus</strong></span> <span class='ocrx_word' id='word_1_36' title='bbox 878 617 1043 681; x_wconf 81' lang='lat' dir='ltr'>inclinaret</span> <span class='ocrx_word' id='word_1_37' title='bbox 1072 617 1114 681; x_wconf 86' lang='lat' dir='ltr'><strong>ad</strong></span> 
     </span>
     <span class='ocr_line' id='line_1_6' title="bbox 89 719 1114 803; baseline 0 -20"><span class='ocrx_word' id='word_1_38' title='bbox 89 739 196 802; x_wconf 91' lang='lat' dir='ltr'><strong>pacem</strong></span> <span class='ocrx_word' id='word_1_39' title='bbox 224 740 293 784; x_wconf 89' lang='lat' dir='ltr'><strong>cum</strong></span> <span class='ocrx_word' id='word_1_40' title='bbox 316 719 437 803; x_wconf 92' lang='lat' dir='ltr'><strong>Pyrrho</strong></span> <span class='ocrx_word' id='word_1_41' title='bbox 464 720 638 801; x_wconf 87' lang='lat' dir='ltr'><strong>foedusque</strong></span> <span class='ocrx_word' id='word_1_42' title='bbox 659 719 848 801; x_wconf 89' lang='lat' dir='ltr'><strong>faciendum,</strong></span> <span class='ocrx_word' id='word_1_43' title='bbox 871 741 934 785; x_wconf 89' lang='lat' dir='ltr'><strong>non</strong></span> <span class='ocrx_word' id='word_1_44' title='bbox 958 719 1114 785; x_wconf 89' lang='lat' dir='ltr'><strong>dubitavit</strong></span> 
     </span>
     <span class='ocr_line' id='line_1_7' title="bbox 91 821 977 907; baseline 0.002 -23"><span class='ocrx_word' id='word_1_45' title='bbox 91 821 190 888; x_wconf 81' lang='lat' dir='ltr'><strong>dicere</strong></span> <span class='ocrx_word' id='word_1_46' title='bbox 212 823 274 903; x_wconf 85' lang='lat' dir='ltr'><strong>illa,</strong></span> <span class='ocrx_word' id='word_1_47' title='bbox 297 843 379 905; x_wconf 90' lang='lat' dir='ltr'><strong>quae</strong></span> <span class='ocrx_word' id='word_1_48' title='bbox 400 823 544 888; x_wconf 89' lang='lat' dir='ltr'><strong>versibus</strong></span> <span class='ocrx_word' id='word_1_49' title='bbox 566 830 748 907; x_wconf 88' lang='lat' dir='ltr'><strong>persecutus</strong></span> <span class='ocrx_word' id='word_1_50' title='bbox 771 831 818 888; x_wconf 90' lang='lat' dir='ltr'><strong>est</strong></span> <span class='ocrx_word' id='word_1_51' title='bbox 839 824 977 887; x_wconf 86' lang='lat' dir='ltr'><strong>Ennius:</strong></span> 
     </span>
    </p>

    <p class='ocr_par' dir='ltr' id='par_1_3' title="bbox 129 924 1114 1007">
     <span class='ocr_line' id='line_1_8' title="bbox 129 924 1114 1007; baseline 0 -17"><span class='ocrx_word' id='word_1_52' title='bbox 129 924 207 1001; x_wconf 83' lang='lat' dir='ltr'><strong>Quo</strong></span> <span class='ocrx_word' id='word_1_53' title='bbox 229 927 336 992; x_wconf 91' lang='lat' dir='ltr'><strong>vobis</strong></span> <span class='ocrx_word' id='word_1_54' title='bbox 358 933 515 1006; x_wconf 90' lang='lat' dir='ltr'><strong>mentes,</strong></span> <span class='ocrx_word' id='word_1_55' title='bbox 539 932 664 991; x_wconf 88' lang='lat' dir='ltr'><strong>rectae</strong></span> <span class='ocrx_word' id='word_1_56' title='bbox 691 946 785 1007; x_wconf 90' lang='lat' dir='ltr'><strong>quae</strong></span> <span class='ocrx_word' id='word_1_57' title='bbox 812 933 913 990; x_wconf 87' lang='lat' dir='ltr'><strong>stare</strong></span> <span class='ocrx_word' id='word_1_58' title='bbox 940 926 1114 991; x_wconf 90' lang='lat' dir='ltr'><strong>solebant</strong></span> 
     </span>
    </p>

    <p class='ocr_par' dir='ltr' id='par_1_4' title="bbox 85 1028 1232 3780">
     <span class='ocr_line' id='line_1_9' title="bbox 127 1028 926 1110; baseline 0 -18"><span class='ocrx_word' id='word_1_59' title='bbox 127 1028 311 1110; x_wconf 82' lang='lat' dir='ltr'><strong>Antehac,</strong></span> <span class='ocrx_word' id='word_1_60' title='bbox 334 1028 528 1094; x_wconf 91' lang='lat' dir='ltr'><strong>dementes</strong></span> <span class='ocrx_word' id='word_1_61' title='bbox 551 1049 633 1094; x_wconf 90' lang='lat' dir='ltr'><strong>sese</strong></span> <span class='ocrx_word' id='word_1_62' title='bbox 656 1029 802 1094; x_wconf 83' lang='lat' dir='ltr'><strong>flexere</strong></span> <span class='ocrx_word' id='word_1_63' title='bbox 824 1029 926 1093; x_wconf 81' lang='lat' dir='ltr'><strong>viai?</strong></span> 
     </span>
     <span class='ocr_line' id='line_1_10' title="bbox 89 1132 1112 1216; baseline 0.001 -21"><span class='ocrx_word' id='word_1_64' title='bbox 89 1138 251 1213; x_wconf 88' lang='lat' dir='ltr'><strong>ceteraque</strong></span> <span class='ocrx_word' id='word_1_65' title='bbox 281 1133 487 1216; x_wconf 83' lang='lat' dir='ltr'><strong>gravissime3</strong></span> <span class='ocrx_word' id='word_1_66' title='bbox 518 1140 625 1197; x_wconf 91' lang='lat' dir='ltr'><strong>notum</strong></span> <span class='ocrx_word' id='word_1_67' title='bbox 656 1133 740 1198; x_wconf 90' lang='lat' dir='ltr'><strong>enim</strong></span> <span class='ocrx_word' id='word_1_68' title='bbox 771 1132 861 1196; x_wconf 82' lang='lat' dir='ltr'><strong>vohis</strong></span> <span class='ocrx_word' id='word_1_69' title='bbox 891 1152 1018 1197; x_wconf 91' lang='lat' dir='ltr'><strong>carmen</strong></span> <span class='ocrx_word' id='word_1_70' title='bbox 1048 1139 1112 1215; x_wconf 71' lang='lat' dir='ltr'><strong>est,</strong></span> 
     </span>
     <span class='ocr_line' id='line_1_11' title="bbox 89 1234 1114 1320; baseline 0 -22"><span class='ocrx_word' id='word_1_71' title='bbox 89 1234 179 1298; x_wconf 86' lang='lat' dir='ltr'><strong>etiam</strong></span> <span class='ocrx_word' id='word_1_72' title='bbox 193 1235 293 1318; x_wconf 89' lang='lat' dir='ltr'><strong>ipsius</strong></span> <span class='ocrx_word' id='word_1_73' title='bbox 308 1236 392 1320; x_wconf 81' lang='lat' dir='ltr'><strong>Appi</strong></span> <span class='ocrx_word' id='word_1_74' title='bbox 414 1242 503 1300; x_wconf 87' lang='lat' dir='ltr'><strong>extat</strong></span> <span class='ocrx_word' id='word_1_75' title='bbox 523 1236 630 1300; x_wconf 91' lang='lat' dir='ltr'><strong>oratio.</strong></span> <span class='ocrx_word' id='word_1_76' title='bbox 659 1236 763 1318; x_wconf 85' lang='lat' dir='ltr'><strong>Atque</strong></span> <span class='ocrx_word' id='word_1_77' title='bbox 785 1236 864 1300; x_wconf 89' lang='lat' dir='ltr'><strong>haec</strong></span> <span class='ocrx_word' id='word_1_78' title='bbox 886 1236 938 1300; x_wconf 94' lang='lat' dir='ltr'><strong>ille</strong></span> <span class='ocrx_word' id='word_1_79' title='bbox 960 1236 1026 1319; x_wconf 88' lang='lat' dir='ltr'><strong>egit</strong></span> <span class='ocrx_word' id='word_1_80' title='bbox 1047 1255 1114 1318; x_wconf 88' lang='lat' dir='ltr'><strong>sep-</strong></span> 
     </span>
     <span class='ocr_line' id='line_1_12' title="bbox 88 1336 1114 1422; baseline 0.002 -22"><span class='ocrx_word' id='word_1_81' title='bbox 88 1336 161 1401; x_wconf 87' lang='lat' dir='ltr'><strong>timo</strong></span> <span class='ocrx_word' id='word_1_82' title='bbox 187 1337 308 1402; x_wconf 90' lang='lat' dir='ltr'><strong>decimo</strong></span> <span class='ocrx_word' id='word_1_83' title='bbox 335 1359 418 1403; x_wconf 91' lang='lat' dir='ltr'><strong>anno</strong></span> <span class='ocrx_word' id='word_1_84' title='bbox 445 1345 516 1422; x_wconf 92' lang='lat' dir='ltr'><strong>post</strong></span> <span class='ocrx_word' id='word_1_85' title='bbox 541 1339 674 1402; x_wconf 87' lang='lat' dir='ltr'><strong>alterum</strong></span> <span class='ocrx_word' id='word_1_86' title='bbox 702 1339 907 1417; x_wconf 90' lang='lat' dir='ltr'><strong>consulatum,</strong></span> <span class='ocrx_word' id='word_1_87' title='bbox 935 1358 1005 1402; x_wconf 91' lang='lat' dir='ltr'><strong>cum</strong></span> <span class='ocrx_word' id='word_1_88' title='bbox 1031 1339 1114 1402; x_wconf 90' lang='lat' dir='ltr'><strong>inter</strong></span> 
     </span>
     <span class='ocr_line' id='line_1_13' title="bbox 89 1439 1113 1522; baseline 0.002 -20"><span class='ocrx_word' id='word_1_89' title='bbox 89 1439 163 1504; x_wconf 84' lang='lat' dir='ltr'><strong>duos</strong></span> <span class='ocrx_word' id='word_1_90' title='bbox 186 1442 365 1506; x_wconf 88' lang='lat' dir='ltr'><strong>consulatus</strong></span> <span class='ocrx_word' id='word_1_91' title='bbox 387 1441 463 1505; x_wconf 89' lang='lat' dir='ltr'><strong>anni</strong></span> <span class='ocrx_word' id='word_1_92' title='bbox 486 1440 596 1505; x_wconf 89' lang='lat' dir='ltr'><strong>decem</strong></span> <span class='ocrx_word' id='word_1_93' title='bbox 619 1441 835 1506; x_wconf 81' lang='lat' dir='ltr'><strong>interfuissent</strong></span> <span class='ocrx_word' id='word_1_94' title='bbox 851 1460 1023 1522; x_wconf 82' lang='lat' dir='ltr'><strong>censorque</strong></span> <span class='ocrx_word' id='word_1_95' title='bbox 1038 1447 1113 1504; x_wconf 91' lang='lat' dir='ltr'><strong>ante</strong></span> 
     </span>
     <span class='ocr_line' id='line_1_14' title="bbox 88 1543 1112 1627; baseline 0 -21"><span class='ocrx_word' id='word_1_96' title='bbox 88 1543 276 1626; x_wconf 90' lang='lat' dir='ltr'><strong>superiorem</strong></span> <span class='ocrx_word' id='word_1_97' title='bbox 295 1545 488 1609; x_wconf 91' lang='lat' dir='ltr'><strong>consulatum</strong></span> <span class='ocrx_word' id='word_1_98' title='bbox 509 1545 636 1627; x_wconf 80' lang='lat' dir='ltr'><strong>fuisset3</strong></span> <span class='ocrx_word' id='word_1_99' title='bbox 660 1563 700 1607; x_wconf 90' lang='lat' dir='ltr'><strong>ex</strong></span> <span class='ocrx_word' id='word_1_100' title='bbox 718 1563 778 1625; x_wconf 94' lang='lat' dir='ltr'><strong>quo</strong></span> <span class='ocrx_word' id='word_1_101' title='bbox 793 1543 985 1626; x_wconf 89' lang='lat' dir='ltr'><strong>intellegitur</strong></span> <span class='ocrx_word' id='word_1_102' title='bbox 999 1544 1112 1626; x_wconf 92' lang='lat' dir='ltr'><strong>Pyrrhi</strong></span> 
     </span>
     <span class='ocr_line' id='line_1_15' title="bbox 87 1645 1112 1730; baseline 0 -20"><span class='ocrx_word' id='word_1_103' title='bbox 87 1645 166 1710; x_wconf 90' lang='lat' dir='ltr'><strong>bello</strong></span> <span class='ocrx_word' id='word_1_104' title='bbox 187 1647 340 1730; x_wconf 84' lang='lat' dir='ltr'><strong>grandem</strong></span> <span class='ocrx_word' id='word_1_105' title='bbox 363 1667 439 1711; x_wconf 90' lang='lat' dir='ltr'><strong>sane</strong></span> <span class='ocrx_word' id='word_1_106' title='bbox 461 1647 575 1729; x_wconf 81' lang='lat' dir='ltr'><strong>fuisse3</strong></span> <span class='ocrx_word' id='word_1_107' title='bbox 607 1652 639 1710; x_wconf 93' lang='lat' dir='ltr'><strong>et</strong></span> <span class='ocrx_word' id='word_1_108' title='bbox 660 1653 766 1709; x_wconf 89' lang='lat' dir='ltr'><strong>tamen</strong></span> <span class='ocrx_word' id='word_1_109' title='bbox 789 1646 835 1710; x_wconf 88' lang='lat' dir='ltr'><strong>sic</strong></span> <span class='ocrx_word' id='word_1_110' title='bbox 856 1665 877 1708; x_wconf 86' lang='lat' dir='ltr'><strong>a</strong></span> <span class='ocrx_word' id='word_1_111' title='bbox 898 1646 1039 1728; x_wconf 87' lang='lat' dir='ltr'><strong>patribus</strong></span> <span class='ocrx_word' id='word_1_112' title='bbox 1065 1665 1112 1710; x_wconf 89' lang='lat' dir='ltr'><strong>ac-</strong></span> 
     </span>
     <span class='ocr_line' id='line_1_16' title="bbox 88 1747 1163 1833; baseline -0.001 -20"><span class='ocrx_word' id='word_1_113' title='bbox 88 1750 233 1832; x_wconf 88' lang='lat' dir='ltr'><strong>cepimus.</strong></span> <span class='ocrx_word' id='word_1_114' title='bbox 278 1749 365 1813; x_wconf 90' lang='lat' dir='ltr'><strong>Nihil</strong></span> <span class='ocrx_word' id='word_1_115' title='bbox 391 1750 486 1833; x_wconf 90' lang='lat' dir='ltr'><strong>igitur</strong></span> <span class='ocrx_word' id='word_1_116' title='bbox 513 1749 669 1829; x_wconf 89' lang='lat' dir='ltr'><strong>adferunt,</strong></span> <span class='ocrx_word' id='word_1_117' title='bbox 699 1749 750 1830; x_wconf 95' lang='lat' dir='ltr'><strong>qui</strong></span> <span class='ocrx_word' id='word_1_118' title='bbox 773 1748 806 1812; x_wconf 94' lang='lat' dir='ltr'><strong>in</strong></span> <span class='ocrx_word' id='word_1_119' title='bbox 828 1768 863 1812; x_wconf 92' lang='lat' dir='ltr'><strong>re</strong></span> <span class='ocrx_word' id='word_1_120' title='bbox 885 1747 1025 1831; x_wconf 92' lang='lat' dir='ltr'><strong>gerenda</strong></span> <span class='ocrx_word' id='word_1_121' title='bbox 1047 1768 1163 1818; x_wconf 80' lang='lat' dir='ltr'><strong>ver-17</strong></span> 
     </span>
     <span class='ocr_line' id='line_1_17' title="bbox 87 1850 1113 1936; baseline -0.001 -20"><span class='ocrx_word' id='word_1_122' title='bbox 87 1852 146 1916; x_wconf 88' lang='lat' dir='ltr'><strong>sari</strong></span> <span class='ocrx_word' id='word_1_123' title='bbox 161 1858 355 1917; x_wconf 87' lang='lat' dir='ltr'><strong>senectutem</strong></span> <span class='ocrx_word' id='word_1_124' title='bbox 375 1859 504 1936; x_wconf 89' lang='lat' dir='ltr'><strong>negant,</strong></span> <span class='ocrx_word' id='word_1_125' title='bbox 520 1852 699 1933; x_wconf 85' lang='lat' dir='ltr'><strong>similesque</strong></span> <span class='ocrx_word' id='word_1_126' title='bbox 722 1858 804 1931; x_wconf 84' lang='lat' dir='ltr'><strong>sunt,</strong></span> <span class='ocrx_word' id='word_1_127' title='bbox 820 1856 856 1915; x_wconf 88' lang='lat' dir='ltr'><strong>ut</strong></span> <span class='ocrx_word' id='word_1_128' title='bbox 878 1851 905 1915; x_wconf 91' lang='lat' dir='ltr'><strong>si</strong></span> <span class='ocrx_word' id='word_1_129' title='bbox 928 1850 981 1931; x_wconf 93' lang='lat' dir='ltr'><strong>qui</strong></span> <span class='ocrx_word' id='word_1_130' title='bbox 1002 1851 1113 1933; x_wconf 89' lang='lat' dir='ltr'><strong>guber-</strong></span> 
     </span>
     <span class='ocr_line' id='line_1_18' title="bbox 86 1953 1113 2038; baseline -0.001 -19"><span class='ocrx_word' id='word_1_131' title='bbox 86 1962 224 2019; x_wconf 90' lang='lat' dir='ltr'><strong>natorem</strong></span> <span class='ocrx_word' id='word_1_132' title='bbox 246 1955 280 2018; x_wconf 92' lang='lat' dir='ltr'><strong>in</strong></span> <span class='ocrx_word' id='word_1_133' title='bbox 301 1954 483 2038; x_wconf 81' lang='lat' dir='ltr'><strong>navigando</strong></span> <span class='ocrx_word' id='word_1_134' title='bbox 506 1954 584 2018; x_wconf 95' lang='lat' dir='ltr'><strong>nihil</strong></span> <span class='ocrx_word' id='word_1_135' title='bbox 606 1974 700 2037; x_wconf 87' lang='lat' dir='ltr'><strong>agere</strong></span> <span class='ocrx_word' id='word_1_136' title='bbox 716 1953 831 2034; x_wconf 89' lang='lat' dir='ltr'><strong>dicant,</strong></span> <span class='ocrx_word' id='word_1_137' title='bbox 848 1974 917 2018; x_wconf 89' lang='lat' dir='ltr'><strong>cum</strong></span> <span class='ocrx_word' id='word_1_138' title='bbox 939 1953 993 2016; x_wconf 90' lang='lat' dir='ltr'><strong>alii</strong></span> <span class='ocrx_word' id='word_1_139' title='bbox 1015 1953 1113 2018; x_wconf 89' lang='lat' dir='ltr'><strong>malos</strong></span> 
     </span>
     <span class='ocr_line' id='line_1_19' title="bbox 86 2056 1112 2142; baseline -0.002 -20"><span class='ocrx_word' id='word_1_140' title='bbox 86 2057 248 2138; x_wconf 85' lang='lat' dir='ltr'><strong>scandant,</strong></span> <span class='ocrx_word' id='word_1_141' title='bbox 268 2059 321 2122; x_wconf 90' lang='lat' dir='ltr'><strong>alii</strong></span> <span class='ocrx_word' id='word_1_142' title='bbox 341 2079 398 2142; x_wconf 92' lang='lat' dir='ltr'><strong>per</strong></span> <span class='ocrx_word' id='word_1_143' title='bbox 417 2059 501 2124; x_wconf 93' lang='lat' dir='ltr'><strong>foros</strong></span> <span class='ocrx_word' id='word_1_144' title='bbox 521 2063 655 2138; x_wconf 90' lang='lat' dir='ltr'><strong>cursent,</strong></span> <span class='ocrx_word' id='word_1_145' title='bbox 671 2057 725 2121; x_wconf 93' lang='lat' dir='ltr'><strong>alii</strong></span> <span class='ocrx_word' id='word_1_146' title='bbox 742 2057 898 2122; x_wconf 89' lang='lat' dir='ltr'><strong>sentinam</strong></span> <span class='ocrx_word' id='word_1_147' title='bbox 914 2056 1112 2136; x_wconf 86' lang='lat' dir='ltr'><strong>exhauriant,</strong></span> 
     </span>
     <span class='ocr_line' id='line_1_20' title="bbox 85 2158 1112 2243; baseline 0.001 -20"><span class='ocrx_word' id='word_1_148' title='bbox 85 2160 135 2224; x_wconf 89' lang='lat' dir='ltr'><strong>ille</strong></span> <span class='ocrx_word' id='word_1_149' title='bbox 157 2168 262 2226; x_wconf 90' lang='lat' dir='ltr'><strong>autem</strong></span> <span class='ocrx_word' id='word_1_150' title='bbox 285 2162 409 2225; x_wconf 88' lang='lat' dir='ltr'><strong>clavum</strong></span> <span class='ocrx_word' id='word_1_151' title='bbox 431 2169 543 2225; x_wconf 88' lang='lat' dir='ltr'><strong>tenens</strong></span> <span class='ocrx_word' id='word_1_152' title='bbox 566 2160 690 2243; x_wconf 87' lang='lat' dir='ltr'><strong>quietus</strong></span> <span class='ocrx_word' id='word_1_153' title='bbox 713 2158 822 2224; x_wconf 88' lang='lat' dir='ltr'><strong>sedeat</strong></span> <span class='ocrx_word' id='word_1_154' title='bbox 843 2159 876 2222; x_wconf 92' lang='lat' dir='ltr'><strong>in</strong></span> <span class='ocrx_word' id='word_1_155' title='bbox 899 2160 1005 2243; x_wconf 88' lang='lat' dir='ltr'><strong>puppi.</strong></span> <span class='ocrx_word' id='word_1_156' title='bbox 1039 2161 1112 2224; x_wconf 89' lang='lat' dir='ltr'><strong>Nou</strong></span> 
     </span>
     <span class='ocr_line' id='line_1_21' title="bbox 86 2261 1113 2344; baseline -0.001 -18"><span class='ocrx_word' id='word_1_157' title='bbox 86 2261 159 2327; x_wconf 88' lang='lat' dir='ltr'><strong>facit</strong></span> <span class='ocrx_word' id='word_1_158' title='bbox 182 2283 230 2344; x_wconf 90' lang='lat' dir='ltr'><strong>ea,</strong></span> <span class='ocrx_word' id='word_1_159' title='bbox 253 2283 334 2344; x_wconf 91' lang='lat' dir='ltr'><strong>quae</strong></span> <span class='ocrx_word' id='word_1_160' title='bbox 356 2263 496 2343; x_wconf 90' lang='lat' dir='ltr'><strong>iuvenes,</strong></span> <span class='ocrx_word' id='word_1_161' title='bbox 520 2270 649 2327; x_wconf 90' lang='lat' dir='ltr'><strong>atvero</strong></span> <span class='ocrx_word' id='word_1_162' title='bbox 671 2262 768 2325; x_wconf 93' lang='lat' dir='ltr'><strong>multo</strong></span> <span class='ocrx_word' id='word_1_163' title='bbox 790 2261 909 2325; x_wconf 87' lang='lat' dir='ltr'><strong>maiora</strong></span> <span class='ocrx_word' id='word_1_164' title='bbox 932 2268 963 2325; x_wconf 89' lang='lat' dir='ltr'><strong>et</strong></span> <span class='ocrx_word' id='word_1_165' title='bbox 984 2262 1113 2326; x_wconf 86' lang='lat' dir='ltr'><strong>meliora</strong></span> 
     </span>
     <span class='ocr_line' id='line_1_22' title="bbox 86 2364 1112 2448; baseline -0.002 -19"><span class='ocrx_word' id='word_1_166' title='bbox 86 2365 168 2431; x_wconf 84' lang='lat' dir='ltr'><strong>facit.</strong></span> <span class='ocrx_word' id='word_1_167' title='bbox 191 2368 263 2430; x_wconf 90' lang='lat' dir='ltr'><strong>Non</strong></span> <span class='ocrx_word' id='word_1_168' title='bbox 286 2366 405 2432; x_wconf 88' lang='lat' dir='ltr'><strong>viribus</strong></span> <span class='ocrx_word' id='word_1_169' title='bbox 427 2373 482 2430; x_wconf 92' lang='lat' dir='ltr'><strong>aut</strong></span> <span class='ocrx_word' id='word_1_170' title='bbox 504 2366 670 2431; x_wconf 88' lang='lat' dir='ltr'><strong>velocitate</strong></span> <span class='ocrx_word' id='word_1_171' title='bbox 692 2370 747 2428; x_wconf 90' lang='lat' dir='ltr'><strong>aut</strong></span> <span class='ocrx_word' id='word_1_172' title='bbox 769 2364 927 2429; x_wconf 88' lang='lat' dir='ltr'><strong>celeritate</strong></span> <span class='ocrx_word' id='word_1_173' title='bbox 950 2383 1112 2448; x_wconf 88' lang='lat' dir='ltr'><strong>corporum</strong></span> 
     </span>
     <span class='ocr_line' id='line_1_23' title="bbox 86 2466 1110 2552; baseline -0.002 -20"><span class='ocrx_word' id='word_1_174' title='bbox 86 2488 133 2534; x_wconf 88' lang='lat' dir='ltr'><strong>res</strong></span> <span class='ocrx_word' id='word_1_175' title='bbox 155 2488 290 2552; x_wconf 91' lang='lat' dir='ltr'><strong>magnae</strong></span> <span class='ocrx_word' id='word_1_176' title='bbox 311 2481 471 2552; x_wconf 83' lang='lat' dir='ltr'><strong>geruntur,</strong></span> <span class='ocrx_word' id='word_1_177' title='bbox 492 2467 548 2533; x_wconf 88' lang='lat' dir='ltr'><strong>sed</strong></span> <span class='ocrx_word' id='word_1_178' title='bbox 571 2468 710 2547; x_wconf 88' lang='lat' dir='ltr'><strong>consilio,</strong></span> <span class='ocrx_word' id='word_1_179' title='bbox 728 2466 923 2546; x_wconf 85' lang='lat' dir='ltr'><strong>auctoritate,</strong></span> <span class='ocrx_word' id='word_1_180' title='bbox 940 2467 1110 2550; x_wconf 80' lang='lat' dir='ltr'><strong>seutentia3</strong></span> 
     </span>
     <span class='ocr_line' id='line_1_24' title="bbox 86 2568 1112 2653; baseline -0.002 -18"><span class='ocrx_word' id='word_1_181' title='bbox 86 2571 197 2653; x_wconf 91' lang='lat' dir='ltr'><strong>quibus</strong></span> <span class='ocrx_word' id='word_1_182' title='bbox 219 2591 282 2635; x_wconf 89' lang='lat' dir='ltr'><strong>non</strong></span> <span class='ocrx_word' id='word_1_183' title='bbox 305 2571 397 2637; x_wconf 89' lang='lat' dir='ltr'><strong>modo</strong></span> <span class='ocrx_word' id='word_1_184' title='bbox 420 2592 482 2636; x_wconf 94' lang='lat' dir='ltr'><strong>non</strong></span> <span class='ocrx_word' id='word_1_185' title='bbox 506 2571 619 2651; x_wconf 89' lang='lat' dir='ltr'><strong>orbari,</strong></span> <span class='ocrx_word' id='word_1_186' title='bbox 640 2568 696 2635; x_wconf 89' lang='lat' dir='ltr'><strong>sed</strong></span> <span class='ocrx_word' id='word_1_187' title='bbox 719 2569 813 2634; x_wconf 90' lang='lat' dir='ltr'><strong>etiam</strong></span> <span class='ocrx_word' id='word_1_188' title='bbox 836 2569 945 2651; x_wconf 86' lang='lat' dir='ltr'><strong>augeri</strong></span> <span class='ocrx_word' id='word_1_189' title='bbox 968 2575 1112 2633; x_wconf 89' lang='lat' dir='ltr'><strong>senectus</strong></span> 
     </span>
     <span class='ocr_line' id='line_1_25' title="bbox 86 2670 1163 2756; baseline 0 -18"><span class='ocrx_word' id='word_1_190' title='bbox 86 2674 170 2740; x_wconf 87' lang='lat' dir='ltr'><strong>solet.</strong></span> <span class='ocrx_word' id='word_1_191' title='bbox 216 2674 286 2738; x_wconf 88' lang='lat' dir='ltr'><strong>Nisi</strong></span> <span class='ocrx_word' id='word_1_192' title='bbox 308 2673 388 2738; x_wconf 90' lang='lat' dir='ltr'><strong>forte</strong></span> <span class='ocrx_word' id='word_1_193' title='bbox 415 2693 473 2756; x_wconf 87' lang='lat' dir='ltr'><strong>ego</strong></span> <span class='ocrx_word' id='word_1_194' title='bbox 495 2673 595 2752; x_wconf 86' lang='lat' dir='ltr'><strong>vobis,</strong></span> <span class='ocrx_word' id='word_1_195' title='bbox 619 2672 673 2754; x_wconf 95' lang='lat' dir='ltr'><strong>qui</strong></span> <span class='ocrx_word' id='word_1_196' title='bbox 695 2676 727 2735; x_wconf 90' lang='lat' dir='ltr'><strong>et</strong></span> <span class='ocrx_word' id='word_1_197' title='bbox 748 2671 838 2735; x_wconf 93' lang='lat' dir='ltr'><strong>miles</strong></span> <span class='ocrx_word' id='word_1_198' title='bbox 861 2676 893 2735; x_wconf 89' lang='lat' dir='ltr'><strong>et</strong></span> <span class='ocrx_word' id='word_1_199' title='bbox 914 2670 1058 2735; x_wconf 90' lang='lat' dir='ltr'><strong>tribunus</strong></span> <span class='ocrx_word' id='word_1_200' title='bbox 1082 2679 1113 2734; x_wconf 89' lang='lat' dir='ltr'><strong>et</strong></span> <span class='ocrx_word' id='word_1_201' title='bbox 1131 2690 1163 2738; x_wconf 84' lang='lat'><strong>18</strong></span> 
     </span>
     <span class='ocr_line' id='line_1_26' title="bbox 86 2773 1111 2859; baseline -0.004 -20"><span class='ocrx_word' id='word_1_202' title='bbox 86 2776 207 2859; x_wconf 87' lang='lat' dir='ltr'><strong>legatus</strong></span> <span class='ocrx_word' id='word_1_203' title='bbox 229 2782 261 2840; x_wconf 89' lang='lat' dir='ltr'><strong>et</strong></span> <span class='ocrx_word' id='word_1_204' title='bbox 283 2777 390 2840; x_wconf 93' lang='lat' dir='ltr'><strong>consul</strong></span> <span class='ocrx_word' id='word_1_205' title='bbox 412 2782 555 2840; x_wconf 87' lang='lat' dir='ltr'><strong>versatus</strong></span> <span class='ocrx_word' id='word_1_206' title='bbox 577 2795 646 2839; x_wconf 93' lang='lat' dir='ltr'><strong>sum</strong></span> <span class='ocrx_word' id='word_1_207' title='bbox 666 2774 700 2837; x_wconf 90' lang='lat' dir='ltr'><strong>iu</strong></span> <span class='ocrx_word' id='word_1_208' title='bbox 715 2773 802 2837; x_wconf 87' lang='lat' dir='ltr'><strong>vario</strong></span> <span class='ocrx_word' id='word_1_209' title='bbox 817 2792 934 2855; x_wconf 83' lang='lat' dir='ltr'><strong>genere</strong></span> <span class='ocrx_word' id='word_1_210' title='bbox 949 2773 1111 2852; x_wconf 89' lang='lat' dir='ltr'><strong>bellorum,</strong></span> 
     </span>
     <span class='ocr_line' id='line_1_27' title="bbox 86 2874 1113 2959; baseline -0.002 -17"><span class='ocrx_word' id='word_1_211' title='bbox 86 2898 207 2943; x_wconf 88' lang='lat' dir='ltr'><strong>cessare</strong></span> <span class='ocrx_word' id='word_1_212' title='bbox 222 2898 306 2943; x_wconf 91' lang='lat' dir='ltr'><strong>nunc</strong></span> <span class='ocrx_word' id='word_1_213' title='bbox 324 2879 442 2959; x_wconf 86' lang='lat' dir='ltr'><strong>videor,</strong></span> <span class='ocrx_word' id='word_1_214' title='bbox 459 2897 528 2941; x_wconf 91' lang='lat' dir='ltr'><strong>cum</strong></span> <span class='ocrx_word' id='word_1_215' title='bbox 546 2877 628 2940; x_wconf 90' lang='lat' dir='ltr'><strong>bella</strong></span> <span class='ocrx_word' id='word_1_216' title='bbox 642 2897 705 2941; x_wconf 92' lang='lat' dir='ltr'><strong>non</strong></span> <span class='ocrx_word' id='word_1_217' title='bbox 720 2896 812 2959; x_wconf 88' lang='lat' dir='ltr'><strong>gero;</strong></span> <span class='ocrx_word' id='word_1_218' title='bbox 835 2881 869 2939; x_wconf 89' lang='lat' dir='ltr'><strong>at</strong></span> <span class='ocrx_word' id='word_1_219' title='bbox 884 2874 1016 2955; x_wconf 87' lang='lat' dir='ltr'><strong>senatui,</strong></span> <span class='ocrx_word' id='word_1_220' title='bbox 1032 2894 1113 2957; x_wconf 90' lang='lat' dir='ltr'><strong>quae</strong></span> 
     </span>
     <span class='ocr_line' id='line_1_28' title="bbox 86 2978 1112 3065; baseline -0.004 -19"><span class='ocrx_word' id='word_1_221' title='bbox 86 2982 147 3046; x_wconf 87' lang='lat' dir='ltr'><strong>sint</strong></span> <span class='ocrx_word' id='word_1_222' title='bbox 168 2981 316 3065; x_wconf 87' lang='lat' dir='ltr'><strong>gerenda,</strong></span> <span class='ocrx_word' id='word_1_223' title='bbox 340 2981 518 3064; x_wconf 88' lang='lat' dir='ltr'><strong>praescribo</strong></span> <span class='ocrx_word' id='word_1_224' title='bbox 541 2979 676 3060; x_wconf 84' lang='lat' dir='ltr'><strong>quodam</strong></span> <span class='ocrx_word' id='word_1_225' title='bbox 699 2978 802 3060; x_wconf 91' lang='lat' dir='ltr'><strong>modo,</strong></span> <span class='ocrx_word' id='word_1_226' title='bbox 825 2978 1014 3062; x_wconf 79' lang='lat' dir='ltr'><strong>Karthagini</strong></span> <span class='ocrx_word' id='word_1_227' title='bbox 1042 2998 1112 3042; x_wconf 92' lang='lat' dir='ltr'><strong>cum</strong></span> 
     </span>
     <span class='ocr_line' id='line_1_29' title="bbox 86 3079 1112 3165; baseline -0.001 -19"><span class='ocrx_word' id='word_1_228' title='bbox 86 3085 166 3147; x_wconf 91' lang='lat' dir='ltr'><strong>male</strong></span> <span class='ocrx_word' id='word_1_229' title='bbox 187 3085 250 3147; x_wconf 88' lang='lat' dir='ltr'><strong>iam</strong></span> <span class='ocrx_word' id='word_1_230' title='bbox 273 3083 328 3147; x_wconf 93' lang='lat' dir='ltr'><strong>diu</strong></span> <span class='ocrx_word' id='word_1_231' title='bbox 351 3083 500 3165; x_wconf 88' lang='lat' dir='ltr'><strong>cogitanti</strong></span> <span class='ocrx_word' id='word_1_232' title='bbox 522 3081 639 3146; x_wconf 89' lang='lat' dir='ltr'><strong>bellum</strong></span> <span class='ocrx_word' id='word_1_233' title='bbox 661 3081 758 3144; x_wconf 91' lang='lat' dir='ltr'><strong>multo</strong></span> <span class='ocrx_word' id='word_1_234' title='bbox 780 3087 855 3145; x_wconf 89' lang='lat' dir='ltr'><strong>ante</strong></span> <span class='ocrx_word' id='word_1_235' title='bbox 877 3079 1044 3165; x_wconf 83' lang='lat' dir='ltr'><strong>denunti03</strong></span> <span class='ocrx_word' id='word_1_236' title='bbox 1071 3080 1112 3145; x_wconf 93' lang='lat' dir='ltr'><strong>de</strong></span> 
     </span>
     <span class='ocr_line' id='line_1_30' title="bbox 86 3183 1112 3267; baseline -0.002 -17"><span class='ocrx_word' id='word_1_237' title='bbox 86 3206 147 3267; x_wconf 90' lang='lat' dir='ltr'><strong>qua</strong></span> <span class='ocrx_word' id='word_1_238' title='bbox 168 3187 269 3250; x_wconf 88' lang='lat' dir='ltr'><strong>vereri</strong></span> <span class='ocrx_word' id='word_1_239' title='bbox 296 3206 358 3250; x_wconf 95' lang='lat' dir='ltr'><strong>non</strong></span> <span class='ocrx_word' id='word_1_240' title='bbox 382 3192 456 3249; x_wconf 87' lang='lat' dir='ltr'><strong>ante</strong></span> <span class='ocrx_word' id='word_1_241' title='bbox 479 3183 630 3263; x_wconf 84' lang='lat' dir='ltr'><strong>desinam,</strong></span> <span class='ocrx_word' id='word_1_242' title='bbox 653 3203 747 3264; x_wconf 89' lang='lat' dir='ltr'><strong>quam</strong></span> <span class='ocrx_word' id='word_1_243' title='bbox 770 3183 856 3247; x_wconf 90' lang='lat' dir='ltr'><strong>illam</strong></span> <span class='ocrx_word' id='word_1_244' title='bbox 879 3183 1018 3247; x_wconf 85' lang='lat' dir='ltr'><strong>excisam</strong></span> <span class='ocrx_word' id='word_1_245' title='bbox 1042 3203 1112 3248; x_wconf 91' lang='lat' dir='ltr'><strong>esse</strong></span> 
     </span>
     <span class='ocr_line' id='line_1_31' title="bbox 86 3284 1232 3371; baseline 0 -19"><span class='ocrx_word' id='word_1_246' title='bbox 86 3307 267 3371; x_wconf 88' lang='lat' dir='ltr'><strong>cognovero.</strong></span> <span class='ocrx_word' id='word_1_247' title='bbox 302 3286 403 3363; x_wconf 78' lang='lat' dir='ltr'><strong>Quam</strong></span> <span class='ocrx_word' id='word_1_248' title='bbox 426 3286 562 3370; x_wconf 88' lang='lat' dir='ltr'><strong>palmam</strong></span> <span class='ocrx_word' id='word_1_249' title='bbox 585 3287 705 3349; x_wconf 91' lang='lat' dir='ltr'><strong>utinam</strong></span> <span class='ocrx_word' id='word_1_250' title='bbox 727 3284 759 3349; x_wconf 93' lang='lat' dir='ltr'><strong>di</strong></span> <span class='ocrx_word' id='word_1_251' title='bbox 781 3285 972 3364; x_wconf 87' lang='lat' dir='ltr'><strong>inmortales,</strong></span> <span class='ocrx_word' id='word_1_252' title='bbox 996 3285 1111 3368; x_wconf 83' lang='lat' dir='ltr'><strong>Scipio,</strong></span> <span class='ocrx_word' id='word_1_253' title='bbox 1130 3304 1162 3352; x_wconf 82' lang='lat'><strong>19</strong></span> <span class='ocrx_word' id='word_1_254' title='bbox 1228 3308 1232 3317; x_wconf 89' lang='grc'><strong>’</strong></span> 
     </span>
     <span class='ocr_line' id='line_1_32' title="bbox 86 3388 1112 3471; baseline -0.004 -17"><span class='ocrx_word' id='word_1_255' title='bbox 86 3390 140 3454; x_wconf 91' lang='lat' dir='ltr'><strong>tibi</strong></span> <span class='ocrx_word' id='word_1_256' title='bbox 155 3397 326 3469; x_wconf 88' lang='lat' dir='ltr'><strong>reservent,</strong></span> <span class='ocrx_word' id='word_1_257' title='bbox 341 3395 376 3453; x_wconf 92' lang='lat' dir='ltr'><strong>ut</strong></span> <span class='ocrx_word' id='word_1_258' title='bbox 390 3389 442 3453; x_wconf 89' lang='lat' dir='ltr'><strong>avi</strong></span> <span class='ocrx_word' id='word_1_259' title='bbox 464 3388 612 3470; x_wconf 87' lang='lat' dir='ltr'><strong>reliquias</strong></span> <span class='ocrx_word' id='word_1_260' title='bbox 634 3390 839 3471; x_wconf 86' lang='lat' dir='ltr'><strong>persequare!</strong></span> <span class='ocrx_word' id='word_1_261' title='bbox 869 3388 965 3453; x_wconf 82' lang='lat' dir='ltr'><strong>Cuius</strong></span> <span class='ocrx_word' id='word_1_262' title='bbox 979 3407 999 3450; x_wconf 93' lang='lat' dir='ltr'><strong>a</strong></span> <span class='ocrx_word' id='word_1_263' title='bbox 1014 3393 1112 3451; x_wconf 89' lang='lat' dir='ltr'><strong>morte</strong></span> 
     </span>
     <span class='ocr_line' id='line_1_33' title="bbox 86 3489 1112 3570; baseline -0.002 -14"><span class='ocrx_word' id='word_1_264' title='bbox 86 3500 192 3556; x_wconf 89' lang='lat' dir='ltr'><strong>sextus</strong></span> <span class='ocrx_word' id='word_1_265' title='bbox 214 3492 266 3555; x_wconf 89' lang='lat' dir='ltr'><strong>hic</strong></span> <span class='ocrx_word' id='word_1_266' title='bbox 289 3498 320 3556; x_wconf 91' lang='lat' dir='ltr'><strong>et</strong></span> <span class='ocrx_word' id='word_1_267' title='bbox 341 3491 516 3557; x_wconf 89' lang='lat' dir='ltr'><strong>tricesimus</strong></span> <span class='ocrx_word' id='word_1_268' title='bbox 538 3510 640 3555; x_wconf 89' lang='lat' dir='ltr'><strong>annus</strong></span> <span class='ocrx_word' id='word_1_269' title='bbox 663 3497 720 3570; x_wconf 89' lang='lat' dir='ltr'><strong>est,</strong></span> <span class='ocrx_word' id='word_1_270' title='bbox 743 3490 799 3555; x_wconf 88' lang='lat' dir='ltr'><strong>sed</strong></span> <span class='ocrx_word' id='word_1_271' title='bbox 822 3490 1003 3554; x_wconf 89' lang='lat' dir='ltr'><strong>memoriam</strong></span> <span class='ocrx_word' id='word_1_272' title='bbox 1029 3489 1112 3554; x_wconf 89' lang='lat' dir='ltr'><strong>illius</strong></span> 
     </span>
     <span class='ocr_line' id='line_1_34' title="bbox 86 3592 1112 3678; baseline 0 -20"><span class='ocrx_word' id='word_1_273' title='bbox 86 3594 142 3658; x_wconf 83' lang='lat' dir='ltr'><strong>riri</strong></span> <span class='ocrx_word' id='word_1_274' title='bbox 165 3613 274 3658; x_wconf 90' lang='lat' dir='ltr'><strong>omues</strong></span> <span class='ocrx_word' id='word_1_275' title='bbox 296 3595 455 3678; x_wconf 89' lang='lat' dir='ltr'><strong>excipient</strong></span> <span class='ocrx_word' id='word_1_276' title='bbox 476 3593 552 3658; x_wconf 92' lang='lat' dir='ltr'><strong>anni</strong></span> <span class='ocrx_word' id='word_1_277' title='bbox 575 3598 812 3674; x_wconf 89' lang='lat' dir='ltr'><strong>consequentes.</strong></span> <span class='ocrx_word' id='word_1_278' title='bbox 850 3592 943 3656; x_wconf 86' lang='lat' dir='ltr'><strong>Anno</strong></span> <span class='ocrx_word' id='word_1_279' title='bbox 964 3597 1040 3656; x_wconf 86' lang='lat' dir='ltr'><strong>ante</strong></span> <span class='ocrx_word' id='word_1_280' title='bbox 1060 3610 1112 3659; x_wconf 82' lang='lat' dir='ltr'><strong>me</strong></span> 
     </span>
     <span class='ocr_line' id='line_1_35' title="bbox 86 3695 993 3780; baseline 0.001 -20"><span class='ocrx_word' id='word_1_281' title='bbox 86 3716 245 3761; x_wconf 89' lang='lat' dir='ltr'><strong>censorem</strong></span> <span class='ocrx_word' id='word_1_282' title='bbox 270 3705 409 3762; x_wconf 91' lang='lat' dir='ltr'><strong>mortuus</strong></span> <span class='ocrx_word' id='word_1_283' title='bbox 436 3702 492 3777; x_wconf 90' lang='lat' dir='ltr'><strong>est,</strong></span> <span class='ocrx_word' id='word_1_284' title='bbox 519 3716 632 3761; x_wconf 88' lang='lat' dir='ltr'><strong>novem</strong></span> <span class='ocrx_word' id='word_1_285' title='bbox 658 3695 750 3759; x_wconf 89' lang='lat' dir='ltr'><strong>annis</strong></span> <span class='ocrx_word' id='word_1_286' title='bbox 775 3699 848 3780; x_wconf 87' lang='lat' dir='ltr'><strong>post</strong></span> <span class='ocrx_word' id='word_1_287' title='bbox 872 3712 993 3773; x_wconf 85' lang='lat' dir='ltr'><strong>meum¹</strong></span> 
     </span>
    </p>
   </div>
   <div class='ocr_carea' id='block_1_3' title="bbox 0 0 1290 4088">
    <p class='ocr_par' dir='ltr' id='par_1_5' title="bbox 0 0 1290 4088">
     <span class='ocr_line' id='line_1_36' title="bbox 0 0 1290 4088; baseline 0 0"><span class='ocrx_word' id='word_1_288' title='bbox 0 0 1290 4088; x_wconf 95' lang='lat' dir='ltr'><strong> </strong></span> 
     </span>
    </p>
   </div>
  </div>
 </body>
</html>
