2572 4088
222 181 264 246 32
323 199 421 256 osso
438 199 558 256 unice
576 201 625 255 nu
643 201 863 258 suuuorunn.
885 203 1018 261 cerne.
1031 206 1149 271 seres.

223 373 281 439 heo
304 376 395 440 turha
417 382 450 440 et
472 374 647 442 colluvione
670 375 846 442 discedam!
878 376 1060 442 Proficiscar
1082 377 1168 441 enim
1191 395 1254 442 non

221 476 262 542 ad
289 494 344 542 eos
370 475 470 543 solum
496 478 589 559 viros,
617 478 658 544 de
684 479 798 561 quibus
824 486 898 544 ente
925 479 1001 560 dixi,
1023 498 1134 544 verum
1157 478 1255 544 etium

221 579 262 645 ad
279 580 429 645 Octonem
445 599 559 662 meum,
576 602 637 663 quo
660 600 753 647 nemo
769 583 817 647 vir
838 582 948 648 melior
970 589 1064 647 natus
1086 588 1143 662 est,
1159 601 1255 648 nemo

221 683 339 768 pietate
368 684 592 768 praestantior;
624 684 712 749 cuius
741 704 761 748 a
786 704 838 749 me
865 703 976 770 corpus
999 691 1047 750 est
1069 691 1254 764 crematum,

222 785 305 870 quod
328 793 436 851 contre
457 785 571 868 decuit,
594 787 636 852 ab
658 787 711 853 illo
733 806 848 868 meum,
871 788 996 853 animus
1016 805 1092 853 vero
1115 806 1178 854 non
1202 807 1255 852 me

222 888 380 970 deserens,
403 887 460 955 sed
489 895 672 974 respectans
700 891 734 954 in
764 909 802 956 ee
830 889 970 975 profecto
999 890 1068 955 locs
1094 889 1253 970 discessit,

221 1010 282 1075 quo
304 991 380 1056 mihi
402 992 463 1076 ipsi
480 994 626 1058 cernebat
642 1012 712 1058 esse
727 993 927 1058 veniendum.
956 992 1057 1070 Quem
1072 1010 1132 1076 ego
1147 1012 1253 1058 meum

221 1114 329 1160 casum
359 1093 479 1161 fortiter
509 1095 590 1160 ferre
616 1096 703 1161 visus
730 1116 809 1177 snm,
837 1116 899 1161 non
927 1116 989 1178 quo
1015 1114 1116 1178 aequo
1146 1095 1253 1159 animo

221 1200 344 1280 ferrem,
368 1197 424 1264 sed
451 1219 501 1265 me
528 1199 595 1284 ipse
623 1201 806 1265 consolabor
833 1200 1018 1264 existimans
1044 1218 1108 1264 non
1130 1195 1252 1282 longiu-

221 1322 316 1385 quum
339 1303 420 1367 inter
442 1321 499 1366 nos
520 1301 696 1386 digressum
719 1311 750 1367 et
772 1303 945 1368 discessum
966 1302 1042 1367 fore.

171 1417 203 1465 se
305 1406 363 1471 His
381 1404 458 1469 mihi
477 1406 581 1486 rebus,
600 1405 715 1490 Scipio,
732 1404 779 1491 (id
799 1406 882 1470 enirn
898 1412 930 1470 te
946 1426 1015 1470 oum
1031 1406 1138 1471 Laelio
1154 1405 1250 1470 admi-

221 1509 282 1574 rari
298 1509 395 1574 solere
411 1506 533 1592 dixisti)
549 1507 628 1572 levis
643 1515 691 1573 est
707 1517 861 1589 senectus,
877 1529 936 1573 nco
959 1509 1059 1574 solum
1072 1526 1136 1573 non
1158 1509 1250 1574 mole·

125 1680 127 1684 ,
222 1619 279 1693 sta,
296 1610 461 1677 sedetiam
477 1610 621 1675 iucunda.
661 1609 752 1687 Quod
775 1611 801 1677 si
824 1612 857 1675 in
879 1611 939 1676 hoc
960 1631 1037 1691 erro,
1053 1611 1107 1693 qui
1129 1611 1251 1677 animos

221 1714 380 1781 hominum
403 1713 584 1780 inmortales
606 1732 676 1780 esse
699 1713 835 1795 credam,
850 1714 984 1802 libenter
1007 1733 1075 1779 erro
1094 1734 1154 1779 nec
1173 1713 1249 1778 mihi

221 1818 304 1884 hunc
319 1837 463 1899 errorem,
477 1838 537 1900 quo
551 1815 698 1899 delector,
711 1818 786 1883 dum
801 1819 884 1899 vivo,
897 1818 1076 1900 extorqueri
1090 1818 1176 1903 volo;
1200 1819 1249 1884 sin

221 1928 369 2004 mortuus,
385 1928 420 1986 ut
441 1920 568 2003 quidam
591 1921 702 1986 minuti
724 1921 902 2006 philosophi
925 1927 1064 2002 censent,
1081 1921 1159 1985 nihil
1182 1940 1250 1986 sen-

221 2025 307 2105 tium,
323 2046 386 2089 non
402 2044 520 2105 vereor,
536 2044 577 2090 ne
596 2024 680 2089 huno
699 2044 833 2090 errorem
852 2044 956 2089 meum
975 2024 1152 2109 philosophi
1172 2040 1249 2088 mor·

221 2129 267 2193 tui
281 2127 440 2192 irrideant.
475 2126 567 2204 Quod
582 2129 608 2193 si
625 2147 686 2192 non
702 2147 808 2192 sumus
823 2127 1005 2192 inmortales
1019 2127 1126 2204 futuri,
1141 2134 1249 2192 nmen

222 2230 367 2316 extingui
393 2230 510 2296 homini
538 2250 594 2297 suo
619 2239 760 2315 tempore
786 2231 923 2315 optabile
946 2238 1002 2296 est.
1047 2232 1130 2295 Num
1152 2229 1249 2295 habet

222 2341 333 2400 natura
362 2340 396 2398 ut
425 2333 556 2398 aliarum
585 2334 724 2399 omnium
751 2353 864 2414 rerum,
888 2334 934 2399 sic
955 2333 1084 2398 vivendi
1110 2333 1245 2398 modum.

222 2440 373 2504 Senectus
402 2443 506 2501 autem
536 2436 648 2501 aetatis
678 2443 725 2501 est
753 2437 889 2521 peractio
919 2444 1078 2518 tamquam
1111 2436 1247 2516 fabulae,

223 2541 310 2606 cuius
332 2539 541 2605 defectionem
568 2539 677 2622 fugere
705 2539 865 2620 debemus,
888 2539 1071 2622 praesertim
1097 2539 1248 2605 adiuncto

222 2643 374 2709 satietate.

307 2746 396 2811 Haec
421 2746 526 2827 habui,
550 2747 591 2812 de
616 2752 776 2812 senectute
804 2766 884 2829 quae
906 2746 1058 2830 dicerem3
1088 2746 1246 2830 adquam

222 2849 342 2914 utinam
363 2849 571 2933 pervenietis!
600 2856 635 2913 ut
660 2868 707 2928 ee,
731 2866 811 2930 quae
834 2869 874 2913 ex
901 2869 951 2914 me
973 2848 1115 2930 audistis,
1138 2866 1173 2915 re
1196 2870 1246 2915 ex-

222 2950 302 3038 perti
324 2951 457 3037 probare
478 2952 612 3036 possitis.
