2572 4088
449 148 531 213 CAP.
546 152 638 214 8-1'0.
657 151 794 222 §25—31.
1097 135 1132 208 ll

108 332 231 398 lacertis
254 333 324 398 tuis.
348 332 436 397 Nihil
459 332 575 396 Sextus
597 330 705 395 Aelius
728 331 799 413 tale,
816 330 894 395 nihil
916 332 1021 396 multis
1043 333 1136 397 annis

107 441 180 500 ante
203 436 251 499 Ti.
275 434 498 514 Coruncanius,
525 432 604 497 nihil
631 432 724 497 modo
752 434 787 496 P.
807 433 949 514 Crassus,
977 434 1136 516 aquibus

107 538 174 602 iura
202 538 323 604 civibus
350 537 659 621 praescribebantur3
691 555 821 617 quorum
847 555 946 617 usque
972 535 1014 600 ad
1036 543 1137 601 extre

107 660 191 703 mum
214 640 357 724 spiritum
380 647 428 705 est
451 646 600 724 provecta
622 638 796 722 prudentia.
835 637 948 703 Orator
968 646 1074 704 metuo
1096 658 1137 704 ne
1154 657 1188 706 28
1257 627 1258 630 ¹

107 743 290 826 languescat
316 749 494 828 senectute;
526 750 574 808 est
601 742 684 806 enim
706 761 820 806 munus
843 742 911 807 eius
932 763 995 808 non
1016 742 1136 827 ingenii

108 846 215 926 solum,
245 846 302 911 sed
327 848 458 912 laterum
487 847 582 911 etiam
608 851 640 909 et
662 844 784 909 virium.
830 843 965 909 Omnino
987 865 1136 911 canorum
1231 919 1233 924 ¹

108 948 182 1012 illud
208 949 241 1012 in
268 969 345 1014 voce
373 949 564 1034 splendescit
590 948 684 1012 etiam
708 946 814 1010 nescio
837 967 898 1028 quo
919 953 1013 1032 pacto
1034 947 1068 1011 in
1091 968 1136 1013 se·

107 1058 241 1132 nectale,
266 1053 349 1134 quod
376 1051 521 1134 equidem
548 1051 652 1115 adhuc
680 1069 742 1113 non
769 1049 871 1130 amisi,
895 1056 926 1114 et
947 1050 1062 1115 videtis
1083 1071 1137 1116 an-

107 1174 179 1238 nos;
211 1154 267 1220 sed
293 1161 400 1220 tamen
422 1162 470 1220 est
496 1154 627 1220 decorus
654 1153 739 1217 senis
769 1171 870 1217 sermo
892 1154 1016 1235 quietus
1038 1161 1070 1219 et
1090 1175 1136 1220 re·

108 1257 228 1337 missus,
244 1257 383 1339 facitque
398 1278 456 1342 per
474 1278 508 1322 se
530 1259 601 1342 ipsa
622 1259 683 1323 sibi
705 1258 898 1323 audientiam
921 1256 1029 1322 diserti
1052 1258 1136 1323 senis

108 1368 232 1443 compta
259 1367 290 1424 et
315 1361 400 1426 mitis
426 1362 534 1426 oratio.
580 1361 682 1438 Quam
705 1362 732 1427 si
753 1361 823 1446 ipse
847 1361 961 1442 exequi
984 1381 1135 1443 nequeas,

107 1463 207 1545 possis
230 1470 335 1528 tamen
359 1465 498 1548 Scipioni
520 1465 701 1548 praecipere
726 1472 756 1530 et
778 1464 895 1529 Laelio.
945 1462 1029 1540 Quid
1051 1466 1136 1530 enirn

107 1572 153 1629 est
183 1565 350 1630 iucundius
380 1572 541 1631 senectute
572 1567 689 1650 stipata
711 1567 823 1632 studiis
844 1567 1041 1631 iuventutis?
1085 1568 1136 1630 An
1154 1581 1188 1630 29

106 1689 145 1733 ne
176 1669 255 1733 tales
286 1669 412 1750 quidem
442 1670 525 1734 vires
557 1670 709 1734 senectuti
732 1671 952 1752 relinquemus,
976 1676 1010 1733 ut
1032 1670 1136 1736 adule-

107 1780 230 1836 scentes
245 1770 366 1852 doceat,
382 1771 535 1854 instituat,
551 1771 593 1835 ad
612 1792 704 1837 omne
727 1773 822 1837 officii
844 1792 958 1837 munus
981 1773 1135 1838 instruat?

107 1873 176 1950 Quo
202 1874 330 1956 quidem
355 1895 449 1959 opere
476 1874 552 1957 quid
578 1883 681 1958 potest
708 1895 777 1941 esse
799 1875 1014 1959 praeclarius?
1059 1876 1135 1942 Mihi

105 1997 180 2042 vero
208 1983 239 2042 et
261 1978 318 2043 On.
336 1985 368 2042 et
389 1979 424 2043 P.
442 1978 604 2061 Scipiones
631 1986 662 2042 et
688 1979 740 2043 avi
765 1979 811 2043 tui
838 1977 909 2058 duo,
932 1978 967 2042 L.
983 1979 1135 2044 Aemilius

106 2086 137 2144 et
155 2080 189 2142 P.
211 2079 387 2161 Africanus,
404 2081 553 2145 comitatu
576 2081 727 2146 nobilium
749 2081 899 2145 iuvenum
922 2079 1071 2146 fortunati
1093 2082 1136 2146 vi-

106 2181 273 2262 debantur,
296 2203 355 2247 nec
384 2184 438 2247 ulli
468 2184 620 2248 bonarum
650 2183 764 2248 artium
793 2183 935 2265 magistri
961 2203 1023 2248 non
1050 2185 1136 2249 beati

105 2284 252 2368 putandi,
285 2286 428 2367 quamvis
459 2287 680 2351 consenuerint
709 2286 793 2351 vires
825 2292 919 2367 atque
953 2284 1134 2352 defecerint.

105 2388 173 2450 lltsi
196 2387 265 2470 ipsa
287 2388 348 2452 ista
373 2388 508 2452 defectio
530 2389 643 2453 virium
670 2387 904 2454 adulescentiae
930 2388 1016 2453 vitiis
1042 2389 1136 2454 effici·

105 2496 156 2553 tur
182 2490 307 2573 saepius
329 2511 423 2572 quam
450 2492 637 2575 senectutis,
666 2491 834 2556 libidinosa
860 2491 943 2555 enim
970 2497 1001 2555 et
1027 2493 1135 2557 intem-

104 2613 220 2676 perans
235 2592 450 2658 adulescentia
466 2594 593 2658 effetum
610 2613 722 2677 corpus
737 2593 832 2659 tradit
847 2594 1009 2658 senectuti.
1035 2595 1135 2678 Oyrus
1153 2611 1187 2660 30

105 2695 232 2775 quidem
259 2695 344 2779 apud
366 2695 609 2778 Xenophontem
636 2716 674 2761 eo
700 2715 852 2777 sermone,
880 2716 973 2779 quem
999 2697 1135 2763 moriens

104 2796 224 2878 habuit,
249 2818 319 2862 oum
348 2798 518 2864 admodum
550 2818 649 2864 senex
679 2805 771 2879 esset,
799 2805 894 2882 negat
922 2818 957 2864 se
986 2820 1135 2882 umquam

105 2900 242 2965 sensisse
273 2907 465 2966 senectutem
499 2921 588 2966 suam
621 2902 845 2966 inbecilliorem
878 2902 1009 2984 factam,
1040 2923 1134 2985 quarn

104 3002 319 3068 adulescentia
341 3003 460 3069 fuisset.
498 3005 566 3086 Ego
583 3005 617 3068 L.
634 3005 793 3069 Metellum
815 3005 944 3068 memini
967 3025 1053 3088 puer,
1069 3007 1133 3088 qui,

105 3125 176 3169 cum
200 3106 405 3187 quadriennio
428 3113 499 3189 post
521 3107 652 3170 alterum
675 3107 870 3171 consulatum
899 3108 1042 3193 pontifex
1073 3130 1134 3173 nm-

105 3208 210 3273 ximus
241 3208 342 3273 factus
373 3216 465 3290 esset,
489 3210 602 3293 viginti
629 3216 660 3274 et
687 3209 764 3274 duos
786 3230 887 3275 annos
909 3211 938 3275 ei
961 3211 1134 3277 sacerdotio

104 3310 250 3394 praefuit,
269 3312 315 3375 ita
337 3312 429 3377 bonis
452 3333 522 3377 esse
544 3313 664 3377 viribus
687 3319 827 3377 extremo
848 3318 988 3396 tempore
1011 3315 1133 3396 aetatis,

104 3419 139 3476 ut
161 3412 406 3478 adulescentiam
430 3435 493 3479 non
516 3416 696 3496 requireret.
727 3415 813 3479 Nihil
836 3435 965 3480 necesse
988 3424 1036 3481 est
1058 3417 1134 3482 mihi

104 3514 144 3580 de
163 3517 297 3599 meipso
314 3516 429 3598 dicere,
446 3539 635 3600 quamquam
659 3525 706 3582 est
727 3517 761 3581 id
782 3518 908 3600 quidem
932 3519 1030 3584 senile
1053 3528 1135 3584 aeta-

103 3618 190 3699 tique
217 3625 342 3683 nostrae
370 3620 558 3684 conceditur.
597 3621 769 3702 Videtisne,
792 3627 827 3684 ut
852 3621 938 3704 apud
963 3588 1238 3832 Homerumssr

104 3722 287 3804 saepissime
318 3722 432 3787 Nestor
463 3723 503 3788 de
532 3725 700 3788 virtutibus
732 3724 797 3788 suis
826 3724 1014 3807 praedicet?
1066 3726 1133 3789 Iam
