2572 4088
431 157 605 212 cse.1-a
623 159 726 221 sa-r.
1071 142 1092 206 3

66 353 154 415 quam
181 332 277 397 deum
303 333 463 414 sequimur
489 332 582 412 eique
608 350 773 414 paremus3
803 350 824 393 a
850 351 913 412 qua
939 352 1002 396 uon
1025 332 1092 395 rori

65 435 161 500 simile
191 444 250 516 est,
277 456 348 499 eum
377 448 500 498 ceterae
531 442 636 517 partes
665 433 780 496 aetatis
808 432 892 498 bene
921 433 1092 517 discriptae

64 539 132 619 sint,
152 545 329 603 extremum
346 546 452 602 aetum
474 546 635 619 tamquam
653 537 695 601 ab
717 536 810 600 inerti
831 543 927 620 poeta
948 556 1018 601 esse
1040 557 1092 602 ne

62 642 207 726 glectum.
235 641 300 707 Sed
321 649 428 705 tamen
450 660 580 704 necesse
601 640 661 703 fuit
684 659 753 703 esse
775 638 894 722 aliquid
917 648 1092 704 extremum

12 738 14 745 ’
63 751 92 809 et
108 751 272 826 amquam
290 745 324 809 iu
342 744 488 808 arbomm
508 743 595 809 bacis
612 752 777 824 terraeque
794 742 949 807 fructibus
968 743 1092 806 maturi·

62 854 125 913 tate
145 848 335 931 tempestiva
350 847 440 929 quasi
455 847 575 911 metum
594 854 625 910 et
645 845 809 925 caducum,
824 845 908 926 quod
927 844 1091 910 ferendum

61 959 109 1016 est
128 952 264 1017 molliter
279 951 424 1034 sapienti.
451 948 536 1026 Quid
550 958 598 1014 est
613 950 697 1013 enim
712 949 798 1012 aliud
814 949 984 1033 Gigantum
999 947 1092 1014 modo

61 1054 179 1120 bellare
202 1073 274 1118 cum
296 1053 345 1118 dis
367 1054 428 1118 nisi
450 1064 581 1116 naturae
603 1053 805 1136 repugnare?

147 1157 295 1221 Lanmus.
329 1157 437 1237 Atqui,
460 1157 548 1235 Cato,
571 1156 785 1237 gratissimum
812 1155 912 1234 nobis,
937 1161 971 1219 ut
997 1155 1126 1218 etiamo

59 1280 118 1345 pro
139 1260 287 1343 Scipione
305 1259 462 1342 pollicear,
482 1258 606 1339 feceris
626 1259 663 1338 si,
679 1257 829 1340 quoniam
847 1278 1021 1341 speramus,
1041 1277 1093 1321 vo

59 1364 165 1427 lumus
187 1362 313 1444 quidem
341 1369 425 1426 certe
451 1381 544 1426 senes
565 1361 643 1440 fieri,
667 1361 763 1424 multo
785 1368 860 1424 aute
881 1381 902 1424 a
924 1368 955 1424 te
978 1360 1092 1425 didice-

57 1465 170 1545 rimus,
184 1464 299 1547 quibus
314 1464 461 1529 facillime
475 1464 648 1529 rationibus
663 1465 936 1546 ingravescentem
956 1471 1091 1528 aetatem

60 1568 145 1633 ferre
167 1568 331 1652 possimus.

150 1671 246 1737 Caro.
267 1672 394 1735 Fauiam
418 1690 502 1751 vero,
522 1669 620 1749 Laeli,
641 1669 824 1753 praesertim
847 1669 874 1734 si
897 1669 1019 1752 utrique
1042 1690 1093 1735 ve-

60 1782 172 1855 strum,
194 1780 230 1838 ut
251 1773 340 1854 dicis,
362 1781 487 1858 gratum
510 1773 648 1837 futurum
670 1780 727 1838 est.

148 1878 294 1942 Lsncms.
312 1877 463 1941 Volumus
478 1895 565 1956 sane,
581 1875 641 1940 nisi
657 1875 821 1938 molestum
838 1881 895 1954 est,
912 1877 1000 1956 Octo,
1017 1882 1092 1940 tam-

62 2001 159 2064 quam
170 1980 296 2063 longam
311 1980 448 2060 abquam
460 1978 545 2043 uiam
561 1978 743 2057 confeceris,
756 1998 851 2058 quam
865 1978 957 2042 uobis
969 1997 1092 2061 quoquc

61 2082 304 2166 ingrediendum
326 2083 376 2162 sit,
399 2082 490 2161 istuc,
510 2102 571 2164 quo
593 2080 775 2165 pervenisti,
796 2079 903 2145 videre
926 2081 1019 2162 quale
1042 2082 1091 2146 sit.

151 2187 246 2252 Osco.
270 2186 409 2264 Faciam,
428 2192 463 2248 ut
482 2191 600 2268 potero,
616 2183 713 2247 Laeli,
738 2184 840 2266 Saepe
861 2183 945 2248 enim
964 2184 1092 2248 interfui
1110 2157 1129 2278 ’ζ’

62 2287 200 2370 querelis
213 2288 392 2368 aequalium
408 2307 546 2351 meorum
562 2290 669 2371 (pares
684 2293 789 2350 autem
804 2294 912 2351 vetere
928 2288 1093 2369 proverbio

63 2410 137 2455 cum
161 2390 290 2474 paribus
317 2390 464 2454 facillime
491 2389 745 2474 congregantur),
768 2409 850 2471 quae
873 2389 907 2456 O.
925 2391 1092 2475 Salinator,

63 2511 146 2576 quae
164 2492 218 2575 Sp.
234 2492 377 2573 Albinus,
397 2492 540 2557 homines
563 2493 752 2572 consulares,
773 2492 871 2556 nostri
894 2492 959 2557 fere
981 2513 1093 2575 aequa·

62 2598 120 2676 les,
143 2593 305 2679 deplorare
332 2596 484 2676 solebant,
508 2603 573 2659 tum
596 2594 680 2677 quod
703 2595 918 2678 voluptatibus
940 2605 1092 2677 carerent,

62 2698 135 2764 sine
157 2698 269 2780 quibus
288 2698 385 2762 vitam
409 2699 526 2762 nullam
549 2704 704 2781 putarent,
725 2704 790 2761 tum
810 2697 893 2779 quod
913 2718 1094 2782 sperneren-

62 2809 115 2867 tur
137 2801 177 2865 ab
199 2801 249 2881 iis,
271 2821 291 2864 a
314 2801 427 2882 quibus
450 2807 555 2865 essent
578 2800 636 2864 coli
659 2800 751 2865 soliti.
791 2798 852 2875 Qui
875 2800 951 2864 mihi
975 2822 1038 2866 non
1061 2802 1093 2866 id

61 2903 253 2970 videbantur
267 2923 425 2983 accusare,
442 2902 526 2985 quod
549 2910 632 2968 esset
653 2903 875 2967 accusandum.
907 2904 989 2968 Nam
1012 2905 1038 2969 si
1060 2905 1094 2969 id

63 3007 158 3090 culpa
179 3006 349 3072 senectutis
370 3006 537 3085 accideret,
554 3005 665 3070 eadem
688 3005 764 3068 mibi
786 3025 845 3071 usu
864 3006 1009 3071 venirent
1028 3008 1094 3072 reli·

63 3110 197 3193 quisque
218 3109 364 3175 omnibus
385 3110 555 3175 maioribus
577 3116 664 3189 natu,
689 3129 819 3191 quorum
842 3129 901 3192 ego
928 3111 1094 3176 multorum

63 3212 199 3295 cognovi
218 3219 411 3277 senectutem
431 3212 500 3276 sine
519 3212 655 3293 querela,
673 3212 726 3293 qui
746 3231 781 3277 se
801 3218 832 3276 et
847 3212 1012 3277 libidinum
1029 3214 1093 3277 vln-

63 3314 143 3380 oulis
167 3315 290 3379 laxatos
313 3335 468 3380 essenon
490 3315 619 3379 moleste
642 3315 760 3379 ferrent
783 3334 841 3379 neo
863 3335 883 3378 a
905 3315 970 3380 suis
993 3315 1093 3399 despi-

64 3424 218 3482 cerentur.
249 3417 312 3482 Sed
332 3419 469 3482 omnium
489 3417 580 3482 istius
595 3417 678 3481 modi
695 3417 889 3498 querelarum
906 3417 938 3481 in
955 3419 1093 3483 moribus

63 3525 113 3585 est
133 3520 234 3603 culpa,
250 3539 313 3584 nou
335 3520 368 3584 in
390 3527 503 3584 aetate.
532 3520 684 3584 Moderati
708 3521 791 3585 enim
814 3527 846 3585 et
868 3539 927 3584 neo
949 3520 1093 3589 difficiles

64 3641 125 3687 nec
150 3621 313 3687 inhumani
341 3643 433 3688 senos
461 3624 653 3688 tolerabilem
681 3629 875 3688 senectutem
902 3630 1011 3707 agunt,
1039 3624 1094 3691 im·

63 3725 239 3810 portunitas
253 3732 358 3789 autom
375 3736 405 3791 ct
425 3725 638 3789 inhumanitas
661 3725 746 3789 omui
768 3725 865 3791 aetati
885 3726 1018 3795 molesta
1036 3732 1106 3807 est,-
