2572 4088
144 157 164 232 2
386 175 485 240 curo
504 177 624 241 ummo
642 176 690 242 nu
709 178 929 246 sannorum.

145 365 304 424 senectute
330 360 479 424 misimus,
525 360 657 425 Omnem
680 369 784 427 autem
811 384 984 429 sermonem
1009 367 1174 433 tribuimus

144 482 207 526 non
228 463 373 544 Tithono,
397 471 431 528 ut
456 464 562 529 Aristo
586 466 677 546 Ceus,
701 465 824 550 (pamm
851 468 934 531 enim
962 479 1044 533 esset
1070 480 1174 535 aueto-

144 564 245 629 ritatis
265 566 297 628 in
318 565 449 651 fabula)
467 566 521 631 sed
537 567 577 630 M.
596 568 708 632 Catoni
728 569 806 649 seni,
823 589 883 650 quo
905 571 1056 635 maiorem
1071 580 1175 636 aucto·

143 667 267 731 ritatem
295 668 426 733 haberet
453 669 561 737 oratio.
607 669 701 753 Apud
724 691 817 752 quern
840 672 980 736 Laelium
1004 680 1036 736 et
1058 673 1174 757 Scipio-

143 789 215 833 nem
235 769 367 836 facimus
390 771 591 854 admirantes,
615 773 698 855 quod
721 774 748 837 is
771 781 834 836 tam
861 775 953 838 facile
979 783 1173 840 senectutem

144 871 232 952 ferat,
257 873 364 955 eisque
388 894 458 939 eum
486 874 736 959 respondentem.
783 875 842 951 Qui
866 877 892 940 si
915 876 1067 941 eruditius
1090 878 1173 944 vide-

143 975 227 1039 bitur
250 975 419 1060 disputare,
437 998 530 1059 quam
554 978 717 1042 consuevit
739 979 807 1060 ipse
830 979 862 1041 in
885 979 949 1043 suis
971 980 1069 1059 libris,
1090 981 1174 1043 attri-

144 1077 230 1142 buito
253 1078 364 1145 litteris
387 1079 526 1160 Graecis,
550 1101 681 1162 quarum
705 1087 826 1145 constat
849 1101 920 1145 eum
943 1081 1173 1164 perstudiosum

143 1178 240 1244 fuisse
262 1181 295 1244 in
318 1189 488 1246 senectute.
512 1182 575 1247 Sed
599 1182 674 1264 quid
697 1202 775 1266 opus
798 1189 845 1247 est
867 1184 981 1266 plura?
1005 1185 1074 1247 Iam
1090 1185 1173 1248 enim

143 1281 242 1365 ipsius
265 1284 394 1348 Catonis
417 1304 518 1349 sermo
546 1286 717 1368 explicabit
743 1292 881 1349 nostram
909 1305 1034 1349 ornnem
1061 1284 1102 1350 de
1129 1306 1173 1351 se-

145 1390 270 1450 nectute
294 1387 489 1451 sententiam.
1079 1401 1080 1405 ’

109 1451 127 1573 Ξ
231 1488 344 1554 Sermo.
369 1489 471 1573 Saepe
487 1508 615 1553 numero
630 1488 778 1552 admirari
794 1490 877 1554 soleo
893 1510 963 1553 cum
980 1489 1038 1554 hoc
1054 1491 1088 1555 O.
1099 1491 1172 1554 Lae-

143 1589 185 1655 lio
205 1610 275 1655 curn
295 1599 468 1656 ceterarum
487 1612 590 1656 rerum
610 1599 695 1655 tuam
717 1591 932 1672 excellentem,
948 1593 988 1656 M.
1003 1594 1090 1674 Cato,
1107 1613 1172 1676 per-

143 1692 321 1777 fectamque
343 1695 540 1778 sapientiam,
563 1698 630 1757 tum
653 1694 704 1758 vel
725 1694 873 1774 maxime,
897 1694 979 1776 quod
1002 1715 1171 1776 numquam

144 1795 200 1860 tibi
221 1802 413 1861 senectutem
432 1817 561 1880 gravem
582 1816 651 1861 esse
671 1798 830 1879 senserim,
851 1817 932 1878 quae
951 1797 1109 1880 plerisque
1128 1818 1172 1862 se-

144 1899 236 1964 nibus
266 1899 311 1963 sic
341 1899 448 1965 odiosa
471 1906 527 1980 est,
550 1905 585 1964 ut
614 1920 693 1964 onus
720 1919 754 1963 se
781 1899 885 1963 Aetna
911 1899 1038 1983 gravius
1066 1898 1173 1963 dicant

144 2002 306 2066 sustinere.

231 2105 327 2169 Orno.
343 2106 422 2169 Rem
438 2104 523 2169 haud
539 2124 626 2186 sane,
643 2103 747 2187 Scipio
771 2109 802 2167 et
818 2103 914 2182 Laeli,
938 2102 1100 2166 difficilem
1120 2104 1172 2167 ad-

144 2207 250 2271 mirari
273 2207 432 2273 videmini.
471 2207 593 2284 Quibus
617 2207 700 2271 enim
715 2206 794 2270 nibil
818 2205 921 2270 estin
943 2205 1020 2288 ipsis
1043 2207 1112 2288 opis
1131 2205 1172 2269 ad

145 2310 225 2374 bene
241 2311 396 2392 beateque
411 2310 594 2390 vivendum,
611 2310 656 2374 eis
676 2310 778 2374 omnis
799 2314 887 2371 aetas
906 2307 1012 2390 gravis
1034 2315 1095 2391 est3
1120 2308 1173 2388 qui

145 2419 249 2476 autem
265 2413 369 2477 omnia
382 2413 464 2477 bona
479 2433 499 2475 a
515 2412 624 2495 seipsi
640 2417 760 2495 petunt,
780 2410 819 2474 iis
839 2409 917 2473 nihil
937 2408 1052 2472 malum
1068 2414 1173 2492 potest

144 2513 255 2596 videri,
279 2514 362 2597 quod
385 2522 516 2579 naturae
539 2515 711 2578 necessitas
737 2513 868 2577 adferat.
913 2511 980 2588 Quo
1003 2512 1036 2574 in
1056 2530 1174 2593 genere

146 2617 238 2681 estin
250 2617 359 2701 primis
371 2624 529 2700 senectus3
546 2637 640 2698 qrram
653 2622 687 2680 ut
698 2616 913 2699 adipiscantur
927 2633 1036 2678 omnes
1052 2619 1173 2698 optant,

146 2719 278 2784 eandem
294 2726 444 2784 accusant
463 2719 587 2802 adepti;
611 2725 700 2783 tanta
723 2726 770 2783 est
792 2718 940 2783 stultitiae
961 2716 1175 2780 inconstantia

145 2829 241 2904 atque
263 2824 461 2906 perversitas.
498 2821 657 2904 Obrepere
679 2822 767 2885 aiunt
790 2840 859 2884 eam
883 2819 983 2899 citius,
1007 2838 1103 2900 quam
1121 2838 1175 2902 pu·

146 2932 274 2991 tassent.
298 2926 436 2989 Primum
453 2925 523 3006 quis
544 2925 645 3007 coegit
661 2943 714 2987 eos
729 2923 843 2987 falsum
859 2921 991 3005 putare?
1011 2919 1073 2996 Qui
1090 2921 1174 2984 enim

147 3028 238 3093 citius
257 3027 490 3092 adulescentiae
510 3034 654 3092 senectus
674 3046 768 3107 quam
789 3025 939 3109 pueritiae
958 3023 1175 3088 adulescentia

146 3131 292 3214 obrepit?
329 3130 453 3194 Deinde
476 3130 529 3213 qui
552 3129 655 3192 minus
676 3129 783 3211 gravis
807 3135 888 3193 esset
910 3128 949 3191 iis
972 3134 1128 3206 senectus,
1150 3125 1175 3190 si

147 3234 440 3316 octingentesimum
466 3253 584 3296 annum
607 3237 738 3314 agerent
760 3232 852 3313 quam
876 3230 902 3293 si
925 3227 1175 3312 octogesimum?

147 3338 319 3401 Praeterita
334 3338 417 3400 enim
432 3342 520 3400 aetas
537 3334 679 3416 quamvis
694 3335 789 3416 longa
804 3354 874 3397 cum
890 3331 1074 3411 effluxisset,
1091 3330 1177 3394 nulla

112 3440 318 3508 uconsolatio
341 3440 532 3523 permulcere
559 3444 665 3520 posset
692 3437 818 3501 stultam
847 3442 1049 3500 senectutem.
1097 3431 1177 3508 Quo

148 3545 230 3608 circa
253 3543 279 3608 si
303 3543 489 3625 sapientiam
512 3561 614 3605 meam
637 3539 785 3605 admirari
809 3533 915 3603 soletis
938 3537 1033 3623 (quae
1055 3535 1178 3599 utinam

148 3646 245 3728 digna
275 3652 358 3710 essct
387 3645 533 3728 opinione
563 3651 668 3709 vestra
695 3648 861 3723 nostroque
888 3637 1118 3724 cognominet),
1145 3637 1178 3701 in

147 3747 207 3812 hoc
230 3767 337 3812 sumus
359 3747 528 3831 sapientes,
544 3745 628 3828 quod
644 3752 787 3810 naturam
807 3744 956 3828 optimam
973 3742 1086 3806 ducem
1102 3747 1178 3803 tam-
