2572 4088
402 68 608 167 cnam-14}
628 114 766 175 rar-re.
1057 97 1094 159 17

66 283 202 368 optimus
224 283 355 366 quisque
383 292 572 365 sequeretur.
619 283 772 360 Quorsum
796 283 893 368 igitur
912 291 976 350 tam
999 285 1096 349 multa
1114 304 1148 352 44

66 386 107 453 de
136 387 322 471 voluptate?
344 436 346 441 .
367 385 449 463 Quia
478 407 541 453 non
571 386 672 453 modo.
695 387 883 473 vituperatio
913 387 1008 469 nulla,
1039 386 1096 453 sed

68 490 165 555 etiarn
194 509 317 555 summa
346 489 415 555 laus
444 490 615 555 senectutis
645 496 706 570 est,
738 489 821 571 quod
851 509 890 555 ea
919 490 1096 574 voluptates
1215 576 1216 579 Ἴ

66 593 170 658 nullas
199 612 391 678 magnopere
418 591 586 658 desiderat.
632 593 726 658 Caret
756 592 856 676 epulis
882 592 1095 674 extractisque

66 695 184 761 mensis
213 702 245 760 et
274 694 491 778 frequentibus
520 696 650 780 poculis,
674 702 759 760 caret
785 714 860 780 ergo
885 695 981 760 etiam
1007 695 1095 760 rinu-

66 799 164 863 lentia
185 804 217 863 et
239 797 392 864 cruditate
415 805 447 864 et
461 798 634 865 insomniis.
647 836 689 845 —
700 797 765 864 Sed
780 798 807 862 si
821 797 940 880 aliquid
955 796 1095 862 dandum

67 907 115 966 est
137 901 298 985 voluptati,
322 902 469 983 quoniam
492 902 561 968 eius
582 900 744 966 blanditiis
766 920 829 966 non
855 900 948 966 facile
974 900 1094 966 obsisti·

66 1023 137 1070 mus
154 1003 276 1090 (divine
299 1005 382 1070 enim
405 1006 495 1071 Plato
517 997 651 1070 ‘escam
674 999 863 1069 malorum’
884 1003 1023 1088 appellat
1044 1023 1095 1069 vo

46 1106 227 1191 'luptatem,
243 1107 326 1191 quod
342 1128 380 1174 ea
395 1108 542 1174 videlicet
561 1108 704 1173 homines
727 1107 891 1192 capiantur
912 1114 947 1172 ut
967 1105 1093 1191 pisces),

66 1230 257 1293 quamquam
287 1211 490 1277 inmoderatis
524 1211 623 1295 epulis
657 1219 742 1276 caret
776 1217 934 1291 senectus,
964 1208 1097 1286 modicis¹

66 1321 173 1380 tamen
206 1310 360 1381 conviriis
393 1315 541 1383 delectari
575 1323 687 1400 potest.
749 1315 783 1380 0.
807 1314 974 1388 Duellium,
999 1313 1094 1378 Marci

66 1417 174 1500 filium,
193 1418 247 1500 qui
269 1419 390 1484 Poenos
413 1419 512 1485 classe
534 1420 654 1503 primus
676 1417 845 1498 devicerat,
868 1417 1051 1484 redeuntem
1075 1435 1096 1480 a

66 1540 146 1586 cena
178 1540 285 1586 senem
319 1541 416 1607 saepe
445 1522 593 1588 videbam
623 1541 721 1606 puer;
756 1521 972 1586 delectabatur
1005 1539 1094 1584 cereo

67 1624 165 1690 iunali
186 1631 217 1689 et
235 1625 373 1706 tibicine,
390 1645 470 1708 quae
492 1626 553 1691 sibi
575 1625 660 1690 nullo
683 1625 828 1708 exemplo
850 1624 991 1708 privatus
1014 1642 1094 1688 sum·

66 1734 191 1813 pserat3
226 1734 346 1793 tantum
379 1728 525 1794 licentiae
555 1727 652 1793 dabat
680 1726 789 1812 gloria.
835 1712 899 1793 Sed
929 1724 1005 1809 quid
1035 1744 1094 1808 ego
1112 1744 1145 1792 ro

66 1829 167 1896 alios?
202 1829 251 1895 Ad
273 1844 323 1895 me
345 1830 447 1914 ipsum
469 1831 531 1895 iarn
553 1836 701 1896 revertar.
737 1829 875 1894 Primum
898 1827 994 1894 habui
1017 1846 1093 1893 sem·

66 1953 122 2017 per
144 1932 275 1999 sodales.
306 1931 495 1999 Sodalitates
517 1941 622 1998 autem
645 1954 695 1998 me
718 1938 883 2014 quaestore
906 1931 1094 1997 constitutae

66 2043 140 2103 sunt
161 2035 258 2102 sacris
273 2035 377 2103 Idaeis
395 2037 658 2121 MagnaeMatris
680 2037 827 2120 acceptis.
858 2035 1017 2120 Epulabar
1038 2034 1093 2118 igi·

66 2148 116 2206 tur
138 2159 209 2206 curn
231 2138 391 2206 sodalibus
413 2128 541 2206 omnino
563 2139 695 2221 modice,
718 2138 775 2205 sed
798 2145 865 2204 erat
887 2136 1013 2221 quidam
1035 2135 1094 2202 fer-

66 2265 123 2311 vor
150 2243 281 2327 aetatis;
311 2263 373 2325 qua
401 2243 622 2328 progrediente
651 2243 757 2308 omnia
785 2242 866 2307 fiunt
890 2242 922 2306 in
949 2240 1018 2306 dies
1039 2240 1093 2304 mi-

66 2349 153 2413 tiora.
199 2347 310 2429 Neque
339 2347 423 2413 enim
453 2347 590 2431 ipsorum
617 2347 832 2413 conviviorum
853 2344 1092 2411 delectationem

65 2449 278 2533 voluptatibus
301 2450 437 2533 corporis
459 2451 560 2534 magis
583 2470 676 2532 quam
690 2456 787 2514 coetu
802 2447 971 2514 amicorum
988 2454 1019 2513 et
1033 2466 1094 2512 ser-

65 2553 212 2618 monibus
230 2551 392 2618 metiebar.
426 2554 515 2619 Bene
529 2553 613 2619 enirn
629 2553 762 2618 maiores
776 2551 1005 2617 accubitionem
1022 2569 1093 2633 epu-

65 2657 162 2722 larem
184 2656 365 2738 amicorum,
386 2656 460 2738 quia
480 2656 565 2722 ritae
588 2656 837 2721 coniunctionem
856 2653 995 2734 baberet,
1016 2672 1095 2718 con·

66 2758 207 2824 virium
240 2760 497 2839 nominaverunt,
528 2760 639 2824 melius
669 2778 762 2841 quam
792 2757 922 2838 Graeci,
953 2757 1005 2839 qui
1035 2755 1094 2821 hoc

65 2861 148 2928 idern
173 2869 239 2928 tum
265 2862 579 2947 compotationem
607 2867 673 2926 tum
704 2859 1013 2925 concenationem
1042 2878 1094 2923 vo·
1176 2884 1179 2889 ’

66 2971 149 3046 cant,
172 2972 217 3046 ut,
239 2963 323 3046 quod
352 2965 385 3028 in
416 2983 453 3028 eo
482 2983 599 3048 genere
627 2963 791 3031 minimum
822 2968 878 3043 cst,
902 2960 935 3026 id
957 2961 1094 3026 maxime

66 3068 199 3152 probare
225 3066 398 3132 videantur.
445 3066 513 3150 Ego
536 3085 610 3131 vero
636 3071 763 3151 propter
788 3064 941 3131 sermonis
964 3064 1095 3129 delecta·
1112 3047 1147 3168 ἐξ

68 3170 183 3236 tionem
214 3169 411 3254 tempestivis
440 3188 565 3252 quoque
594 3169 747 3261 conviviis
772 3167 919 3248 delector,
942 3185 1002 3232 nec
1024 3186 1093 3231 curn

66 3273 251 3355 aequalibus
277 3274 387 3353 solum,
412 3273 465 3356 qui
487 3273 582 3356 pauci
601 3264 771 3337 admodum
792 3276 922 3352 restant,
945 3268 1001 3335 sed
1025 3288 1094 3334 cum

67 3381 174 3442 ¹vestra
196 3377 291 3441 etiarn
313 3382 419 3441 aetate
440 3382 536 3459 atque
558 3376 729 3455 vobiscum,
752 3375 917 3456 habeoque
942 3373 1092 3439 senectut‘

67 3497 216 3564 magnam
242 3479 386 3563 gratiam,
411 3498 491 3561 quae
518 3478 594 3542 mihi
616 3478 768 3542 sermonis
790 3477 974 3542 aviditatem
996 3475 1094 3555 anxit,
1205 3534 1208 3539 .

68 3581 202 3666 potionis
232 3589 263 3646 et
292 3582 354 3646 cibi
384 3582 515 3648 sustulit.
562 3579 654 3657 Quod
677 3580 820 3663 siquem
843 3579 936 3644 etiam
959 3576 1020 3642 ista
1045 3577 1095 3643 de·

67 3684 185 3751 lectant
216 3684 269 3769 (ne
298 3685 426 3750 omnino
456 3685 571 3749 bellum
606 3682 757 3749 indixisse
791 3681 899 3747 videar
932 3680 1100 3764 voluptati,

1037 3813 1074 3863 Q&
