2572 4088
111 122 152 191 28
352 139 451 195 cauo
469 139 589 194 rinion
608 139 657 194 on
675 138 896 197 surnc'rurn.

110 315 236 397 quidem
258 333 369 379 sensus
391 310 446 377 aut
470 313 626 398 optandus
648 320 703 378 aut
723 309 835 379 nullus¹
850 307 906 380 est.
929 351 969 363 -
993 313 1057 381 Sed
1082 312 1143 378 hoc

111 416 296 482 meditatum
317 417 359 484 ab
381 415 596 482 adnleseentia
610 416 713 483 debet
732 435 811 497 esse,
827 423 958 482 mortem
980 424 1014 482 ιιι
1036 418 1144 499 negle-

111 539 231 604 gamus,
247 519 316 585 sine
333 538 396 602 qua
412 518 616 587 meditatione
638 519 806 601 tranquillo
828 520 933 584 animo
955 539 1026 585 esse
1048 539 1144 584 nemo

112 629 222 708 potest.
267 621 460 690 Moriendum
490 623 574 686 enim
600 628 685 690 certe
707 627 765 704 est,
789 628 820 687 et
842 618 994 689 incertum
1017 642 1059 687 an
1081 620 1144 687 hoo

112 727 179 810 ipso
207 724 269 791 dio.
321 725 453 790 Mortem
485 725 581 810 igitur
613 725 757 791 omnibns
789 723 874 790 horis
906 723 1143 810 impendentem

62 847 93 895 rs
111 830 225 897 timens
252 829 305 912 qui
331 829 445 913 poterit
470 829 576 894 animo
604 827 798 895 consistere?
842 829 892 894 De
918 849 981 912 qua
1007 849 1071 895 non
1099 828 1145 893 ita

46 933 206 1016 ⁷longa
226 932 438 1017 disputatione
461 952 539 1016 opus
562 951 632 998 esse
654 930 787 1013 videtur,
812 952 882 998 cum
908 932 1053 998 recorder
1078 951 1143 996 non

62 1113 65 1125 Ι
112 1037 302 1117 L.Brutum,
318 1035 380 1117 qui
405 1036 439 1100 in
465 1033 630 1100 liberanda
655 1035 757 1120 patria
783 1041 831 1100 cst
856 1034 1050 1114 interfectus,
1077 1054 1143 1098 non

64 1187 68 1224 ,
112 1138 190 1202 duos
215 1138 340 1218 Decios,
363 1137 416 1220 qni
442 1137 484 1201 ad
506 1137 713 1203 voluntariam
740 1144 870 1202 mortem
898 1157 1021 1202 cursum
1049 1156 1144 1218 equo·

112 1261 180 1306 rum
201 1240 420 1322 incitaverunt,
443 1260 507 1305 non
528 1240 569 1305 M.
586 1240 725 1322 Atilium,
745 1241 798 1322 qui
819 1239 862 1304 ad
884 1239 1072 1325 supplicium
1095 1245 1144 1305 est

112 1343 279 1427 profectus,
302 1350 337 1408 ut
365 1341 460 1408 fidem
477 1342 572 1408 bosti
602 1342 706 1408 datam
734 1348 943 1424 conservaret,
970 1363 1034 1414 non
1063 1341 1144 1408 duos

113 1445 283 1530 Scipiones,
307 1446 360 1529 qui
387 1447 446 1511 iter
467 1446 582 1519 Poenis
604 1448 655 1512 vel
683 1447 862 1530 corporibus
888 1447 955 1513 suis
980 1447 1144 1511 obstruere

113 1544 286 1629 ¹voluerunt,
313 1567 375 1614 non
406 1546 500 1614 avum
531 1556 620 1614 tuum
649 1550 684 1619 L.
697 1543 850 1630 Paulum,
873 1551 928 1632 qui
956 1555 1056 1614 morte
1086 1549 1144 1613 luit

113 1652 252 1735 collegae
267 1651 304 1715 in
320 1651 479 1717 Cannensi
500 1652 674 1735 ignominia
694 1651 913 1730 temeritatem,
930 1672 994 1716 non
1008 1652 1050 1715 Μ.
1063 1651 1143 1715 Mar·

114 1755 235 1833 cellum,
263 1748 350 1819 cuius
376 1753 548 1818 interitum¹
563 1773 603 1819 nc
630 1753 863 1826 crudelissimus
889 1755 1016 1837 quidem
1042 1753 1143 1820 hostis

112 1858 230 1923 -honore
252 1847 430 1940 sepulturae
449 1876 557 1921 >carere
579 1876 691 1940 passus
707 1862 764 1938 est,
780 1857 837 1923 sed
850 1858 993 1942 legiones
1008 1863 1142 1938 nostras,

112 1957 198 2043 quod
215 1958 333 2044 ‘scripsi
358 1958 391 2022 in
414 1958 605 2042 Originibus,
628 1960 661 2024 in
687 1979 759 2025 eum
781 1960 884 2025 locum
907 1979 1002 2044 saepe
1024 1958 1142 2044 profec

113 2069 162 2127 tas
188 2061 283 2127 alacri
308 2061 413 2126 animo
441 2069 474 2128 ct
494 2068 607 2142 erecto,
630 2061 715 2126 unde
736 2082 771 2127 sc
792 2061 947 2127 redituras
969 2082 1141 2143 numquam

113 2161 345 2229 arbitrarentur.
373 2161 465 2239 Quod
478 2163 575 2246 igitur
589 2163 814 2246 adulescentes,
831 2171 863 2229 et
883 2165 906 2228 ii
929 2163 1142 2247 quidem'ncn

114 2267 212 2333 solum
240 2265 367 2346 indocti,
395 2264 452 2331 sed
481 2266 575 2331 etiam
606 2266 723 2348 rustici,
751 2273 964 2348 contemnunt,
994 2266 1027 2331 id
1057 2265 1142 2332 docti

64 2385 208 2435 resones
228 2368 516 2434 extimescenti—
533 2367 678 2450 Omnino,
701 2377 735 2434 nt
757 2369 834 2434 mihi
857 2369 983 2453 quidem
1006 2368 1142 2450 videtur,

114 2471 285 2537 studiorum
311 2473 451 2537 omnium
473 2473 602 2538 satietas
624 2473 708 2539 vitae
730 2472 807 2538 iacit
829 2473 1015 2539 satietatem.
1061 2473 1143 2540 Sunt

113 2575 265 2660 pueritiae
292 2573 396 2639 studia
421 2581 523 2658 certa;
553 2594 628 2639 num
654 2575 750 2659 igitur
775 2595 814 2642 ea
835 2574 1016 2641 desiderant
1036 2573 1142 2640 adule-

113 2676 261 2744 scentes?
291 2683 364 2742 sunt
384 2676 521 2742 incuntis
553 2676 802 2763 adnleseentiae;
833 2699 907 2743 num
931 2699 970 2744 ea
991 2683 1141 2744 constans

113 2783 177 2846 ianr
198 2780 327 2862 requirit
347 2786 444 2860 actas,
468 2799 549 2862 quac
570 2779 676 2845 media
697 2779 835 2845 dieitur?
858 2787 931 2846 sunt
954 2781 1049 2845 ctiam
1072 2780 1141 2846 eius

113 2883 242 2967 aetatis3
264 2902 366 2950 neca
388 2881 515 2964 quidem
538 2889 728 2965 quaeruntur
749 2884 782 2948 in
798 2889 977 2967 senectute;
1000 2889 1073 2948 sunt
1089 2877 1141 2948 ex·

112 2994 212 3050 trema
238 2984 392 3068 quaedam
419 2983 524 3050 studia
552 2986 740 3070 senectutis;
771 3006 863 3070 ergo,
883 2992 917 3051 ιιι
946 2986 1139 3070 superiorum

12 3115 19 3124 ·
113 3094 251 3154 aetatum
276 3083 382 3154 studia
407 3087 562 3170 occidunt,
584 3089 630 3154 sic
656 3087 803 3154 occidunt
828 3090 923 3155 etiam
950 3089 1140 3173 senectutis3

114 3190 289 3272 quodcum
312 3190 427 3269 evcnit,
451 3191 580 3258 satietas
601 3192 685 3257 vitae
708 3197 831 3275 tempus
853 3197 1008 3256 maturum
1031 3192 1141 3257 mortis

62 3276 97 3397 3¹
82 3292 225 3396 adfert.
277 3293 348 3359 Non
378 3293 462 3357 enim
491 3292 600 3372 video,
632 3312 702 3374 cur,
734 3293 847 3375 quid
838 3313 907 3376 rpse
936 3294 1071 3360 sentiam
1100 3293 1141 3359 de

67 3349 222 3476 ⁴⁷,morte
245 3416 308 3461 non
334 3393 469 3460 audeam
491 3395 580 3460 vobis
607 3394 720 3475 dicere,
744 3395 828 3478 quod
854 3416 891 3462 eo
913 3416 1041 3463 cernere
1063 3397 1140 3462 mihi

112 3497 223 3564 melius
249 3496 366 3578 videor,
389 3515 451 3580 quo
477 3497 518 3562 ab
545 3516 583 3561 ea
609 3497 736 3580 propius
762 3498 883 3563 absum.
928 3499 996 3583 Ego
1018 3508 1141 3569 vestros

112 3607 227 3685 patres,
256 3606 353 3679 tuum,
384 3599 498 3684 Scipio,
528 3605 687 3683 tuumque,
716 3601 812 3682 Laeli,
840 3602 923 3666 viros
952 3603 1142 3672 clarissimos

112 3702 251 3784 mihique
280 3695 503 3784 amicissimos,
530 3702 636 3767 rivere
669 3702 814 3786 arbitror,
847 3710 879 3768 et
908 3723 978 3768 eam
1012 3705 1140 3789 quidem
